1588 2463
783 178 826 211 38

354 270 386 316 ⁰2¹·
426 275 525 309 Verbi
548 275 697 318 regentis
720 275 809 309 actio
833 279 886 309 est
908 275 1145 317 praeteriti
1169 276 1333 317 temporis.

686 340 714 372 1.
739 339 926 380 imperfecti.

315 401 365 435 Pl.
389 402 508 436 Pseud.
533 402 598 435 492
623 411 687 445 sq.:
713 401 799 444 Quia
814 401 966 435 nolebam
987 411 1029 434 ex
1045 411 1095 434 me
1119 411 1240 435 morem
1264 411 1338 443 pro-

1014 454 1106 497 gigni
1129 455 1249 488 malum

426 508 528 543 Erum
551 512 590 542 ut
618 518 712 542 suum
735 518 851 543 servos
874 508 1064 542 criminaret
1087 512 1168 550 aput
1191 519 1291 542 erum.

316 562 405 595 'Prin
420 563 484 595 212
505 572 591 605 sqq.:
616 562 730 596 Omnis
745 562 896 596 mortalis
911 562 997 596 huuc
1018 562 1154 596 aiebant
1168 562 1338 596 Calliclem

485 615 660 657 Indignum
684 615 821 650 civitate
845 626 885 649 ac
908 625 981 649 sese
1003 615 1127 658 vivere,

485 668 589 703 Bonis
611 669 667 712 qui
690 669 777 703 hunc
800 670 1044 703 adulescentem
1065 669 1243 703 evortisset
1260 669 1337 702 suis

317 723 391 756 Ter.
417 723 546 756 Phorm.
568 724 611 756 89
636 731 699 765 sq.:
725 723 778 756 hic
802 723 989 757 solebamus
1011 723 1081 757 fere

433 776 629 819 Plerumque
653 786 726 810 eam
750 776 902 819 opperiri,
927 778 1002 811 dum
1025 777 1102 811 inde
1119 777 1184 811 iret
1199 778 1336 811 domum.

384 830 512 864 Phorm.
522 831 588 863 596
601 839 647 873 sq.
660 841 666 863 :
684 830 745 863 Dis
756 830 885 872 gratias
892 832 1028 873 agebat,
1042 833 1171 873 tempus
1183 830 1245 864 sibi
1258 831 1339 872 dari,

465 872 473 883 ⁸
487 883 551 917 Ubi
575 883 796 917 Phaedriae..
811 910 817 917 .
830 886 1038 918 ostenderet.
1052 910 1058 918 .
1072 910 1097 917 ..

385 938 470 971 Eun.
488 938 554 971 930
570 947 655 980 sqq.:
681 938 715 971 It
737 940 851 971 verost
873 938 959 980 quod
983 947 1044 979 ego
1067 937 1146 971 mihi
1170 940 1249 979 puto
1270 937 1341 979 pal-

1115 991 1253 1024 marium

533 1045 587 1078 Me
610 1045 795 1086 repperisse
817 1045 978 1088 quomodo
1002 1044 1271 1078 adulescentulus

531 1098 743 1133 Meretricum
766 1098 900 1140 ingenia
919 1101 954 1132 et
972 1108 1080 1132 mores
1088 1101 1197 1140 posset
1206 1108 1342 1132 noscere

533 1153 664 1186 Mature
686 1155 724 1185 ut
747 1162 820 1186 cum
844 1152 995 1194 cognorit
1017 1155 1175 1193 perpetuo
1199 1152 1307 1185 oderit.

386 1205 452 1239 Cfr.
474 1206 515 1239 de
539 1205 689 1247 ‚‚oderit“
714 1207 733 1248 ἓ
756 1207 777 1239 3
801 1209 836 1239 et
858 1206 877 1248 ἓ
901 1207 932 1248 9,
951 1207 990 1239 A.
1014 1219 1033 1251 y
1057 1208 1076 1239 2

706 1288 736 1320 2.
771 1287 913 1328 perfecti.

320 1350 369 1383 Pl.
395 1350 510 1391 Amph.
535 1351 602 1383 880
626 1359 690 1392 sq.:
715 1349 913 1383 Mercurium
928 1349 1010 1382 iussi
1026 1359 1077 1383 me
1094 1348 1248 1382 contiuuo
1266 1358 1342 1382 con-

1152 1402 1253 1445 sequi,

537 1456 651 1500 Siquid
674 1456 792 1491 vellem
817 1456 987 1498 imperare.

388 1510 498 1544 Aulul.
524 1511 588 1545 371
613 1520 679 1554 sq.:
703 1509 800 1543 Volui
823 1509 967 1543 animum
990 1510 1121 1542 tandem
1152 1510 1344 1543 confirmare

1041 1563 1137 1597 hodie
1160 1572 1276 1604 meum,

535 1618 582 1651 Ut
604 1617 687 1651 bene
710 1626 762 1650 me
785 1617 937 1650 haberem
960 1616 1042 1650 filiai
1065 1616 1198 1658 nuptiis.

323 1672 397 1704 Ter.
421 1672 506 1705 Eun.
531 1672 597 1705 870
621 1680 686 1713 sq.:
713 1670 824 1704 studui
848 1671 989 1711 tradere,

535 1725 583 1758 Ut
613 1724 751 1758 solidum
782 1733 930 1765 parerem
961 1724 1024 1757 hoc
1059 1723 1103 1756 mi
1140 1723 1341 1765 beneficium,

668 1799 670 1801 ·
1096 1777 1253 1811 Chaerea.

389 1833 490 1865 Andr.
515 1833 582 1865 660
605 1841 670 1874 sq.:
694 1841 869 1875 numquam
892 1831 1031 1864 destitit.

536 1886 677 1927 Instare,
701 1888 741 1922 ut
762 1885 904 1918 dicerem
927 1894 978 1917 me
1002 1885 1175 1918 ducturum
1198 1883 1296 1926 patri.

323 1938 372 1972 Pl.
397 1939 515 1972 Bacch.
543 1940 629 1973 1082
653 1948 718 1982 sq.:
744 1939 816 1980 Ego
837 1939 916 1972 dare
933 1948 983 1971 me
1000 1947 1071 1972 meo
1087 1941 1188 1979 gnato
1208 1938 1344 1978 institui,

705 1995 744 2025 ut
759 1991 867 2025 animo
885 1991 1075 2034 obsequium
1092 2001 1218 2025 sumere
1231 1992 1341 2032 possit.

369 2045 547 2088 ,‚Institui“
572 2046 753 2088 perfectum
775 2044 986 2087 praesentiae
1010 2048 1063 2078 est
1084 2048 1120 2078 et
1141 2044 1227 2079 idem
1243 2048 1344 2088 atque

282 2099 381 2141 „mihi
414 2099 586 2133 consilium
622 2101 704 2133 est“.
764 2100 845 2133 Cum
873 2099 976 2141 igitur
1000 2099 1100 2140 „dare
1123 2107 1197 2131 me.
1216 2124 1222 2131 .
1241 2100 1268 2131 .“
1303 2098 1345 2131 ad
