1588 2463
762 175 804 207 43

328 302 331 305 ⁴
360 274 440 307 Hec.
466 274 529 307 261
556 282 619 314 sq:
645 273 758 315 Neque
775 272 857 305 adeo
874 271 959 305 clam
975 281 1026 304 me
1043 275 1104 312 est,
1128 280 1226 312 quam
1243 279 1316 303 esse

696 335 769 359 eum
792 324 941 367 graviter
963 325 1107 358 laturum
1130 325 1271 365 credam,

508 381 581 413 Hoc
605 379 632 412 si
656 378 815 413 rescierit.

362 434 491 475 Adelph
514 435 579 467 382
604 443 667 475 sq:
694 433 812 467 Utrum
836 431 987 465 studione
1011 431 1044 465 id
1068 431 1130 464 sibi
1151 432 1252 465 habet
1275 442 1318 465 an

1019 485 1110 518 laudi
1133 488 1229 527 putat

535 541 632 581 Fore,
659 539 687 573 si
710 539 890 581 perdiderit
912 540 1075 581 gnatum?

340 602 372 641 β.
397 598 572 632 Enuntiati
589 598 737 639 regentis
752 597 840 630 actio
857 596 892 630 in
915 596 1201 638 praeteritum
1218 597 1316 630 cadit.

298 652 348 686 Pl.
373 653 487 694 Amph.
513 652 605 694 frgm.
632 652 675 685 V:
708 651 794 694 Quid
824 650 1002 684 minitabas
1031 653 1065 683 te
1096 650 1257 683 facturum
1291 651 1319 683 si
1360 650 1365 653 ”

830 704 914 737 istas
937 703 1136 745 pepulissem
1159 703 1274 737 foras?

364 759 455 793 Asin.
481 760 546 793 363
571 769 636 800 sq.:
662 758 744 792 Mihi
767 757 892 799 tibique
915 757 1165 791 interminatust
1187 767 1249 791 nos
1266 758 1317 790 fu-

981 815 1074 844 turos
1094 811 1230 853 ulmeos

413 866 455 900 Ni
471 866 568 900 hodie
584 865 771 908 Argyrippo
789 864 908 906 viginti
925 868 1039 898 essent
1053 865 1184 906 argenti
1201 865 1317 898 minae.

365 922 458 954 Curc.
479 922 543 954 667
562 930 647 961 sqq.:
672 919 759 962 Quia
782 918 869 952 enim
892 918 949 952 ille
966 919 1015 952 ita
1031 917 1218 960 repromisit
1241 918 1320 952 mihi

511 973 547 1007 Si
563 973 734 1015 quisquam
750 973 835 1006 hanc
850 972 981 1006 liberali
994 972 1199 1006 adseruisset
1210 982 1319 1014 manu,

512 1027 589 1061 Sine
614 1026 840 1060 controversia
863 1036 958 1059 omne
982 1029 1155 1068 argentum
1171 1026 1318 1059 reddere.

254 1080 448 1115 Praesentis
471 1080 654 1114 infinitivus
675 1090 734 1122 pro
759 1080 872 1121 futuri,
903 1083 941 1113 ut
963 1081 1081 1113 Pseud.
1115 1081 1190 1121 778,
1217 1081 1319 1120 11183

255 1135 353 1168 Mero.
379 1135 454 1176 422,
480 1135 554 1168 Ter.
578 1134 680 1167 Andr.
705 1135 781 1175 613,
805 1133 958 1167 celeriter
973 1136 1073 1174 atque
1090 1136 1180 1167 certo
1197 1132 1320 1167 factum

255 1188 295 1221 iri
320 1188 454 1222 indicat.

299 1242 417 1275 Bacch.
444 1242 530 1275 1028
555 1251 640 1284 sqq.:
669 1241 742 1283 Ego
770 1241 995 1275 iusiurandum
1019 1240 1130 1274 verbis
1154 1240 1322 1282 conceptis

1147 1294 1231 1336 dedi,

416 1349 578 1383 Daturum
602 1349 634 1382 id
658 1359 709 1382 me
732 1349 828 1382 hodie
852 1348 981 1382 mulieri
1005 1351 1083 1381 ante
1106 1357 1289 1389 vesperum⁷

416 1403 611 1444 Priusquam
635 1413 656 1436 a
679 1413 729 1436 me
754 1403 871 1436 abiret.

256 1457 321 1491 Cfr.
353 1458 445 1491 Cure
478 1458 559 1490 709:
591 1457 706 1498 Amph
738 1457 803 1489 946
834 1465 920 1496 sqq,
945 1456 1029 1489 Rud
1061 1456 1143 1496 4053
1175 1455 1248 1488 Cas.
1275 1455 1319 1496 II,

256 1511 354 1552 5,15
378 1511 469 1554 (302)
495 1519 539 1551 sq.

300 1564 415 1605 Amph.
442 1565 506 1598 205
531 1573 616 1605 sqq.:

470 1617 624 1651 Telebois
645 1618 728 1651 iubet
752 1617 950 1650 sententiam
972 1620 1011 1650 ut
1034 1616 1148 1650 dicant
1172 1626 1284 1649 suam:

470 1671 505 1705 Si
530 1670 600 1704 sine
624 1671 657 1704 vi
674 1674 709 1704 et
725 1671 795 1704 sine
811 1671 897 1704 bello
913 1671 1011 1704 velint
1029 1674 1162 1712 rapta..
1173 1670 1322 1703 .t1ade1·e
1350 1710 1352 1713 Ι

470 1725 505 1759 Si
522 1734 606 1766 quae
620 1727 850 1766 asportassent
859 1725 1036 1758 redderent.
1056 1733 1091 1757 se
1100 1723 1309 1758 exercitum..

470 1779 731 1812 Reducturum..

256 1833 328 1866 Hoc
350 1832 423 1866 loco
446 1831 568 1874 duplici
591 1832 777 1873 praesentis
799 1820 948 1865 historici
971 1834 1092 1865 natura
1115 1831 1236 1873 duplex
1252 1831 1322 1864 effi-

257 1886 342 1920 citur
365 1885 554 1919 consecutio
579 1889 770 1927 temporum.

302 1940 375 1973 Ter.
400 1939 481 1973 Hec.
505 1940 571 1973 586
596 1948 660 1981 sq:
691 1939 763 1981 Ego
799 1948 856 1972 rus
879 1939 1043 1972 abituram
1066 1938 1142 1972 hinc
1166 1948 1238 1972 cum
1263 1941 1321 1972 tuo

705 1986 707 1988 ’
737 2002 788 2026 me
811 2002 884 2026 esse
908 1995 998 2026 certo
1023 1993 1143 2026 decrevi
1165 1995 1260 2034 patre

415 2046 464 2080 Ne
485 2056 559 2080 mea
582 2046 772 2088 praesentia
793 2046 889 2079 obstet
903 2055 968 2079 neu
985 2055 1086 2079 causa
1168 2048 1298 2079 restet..
1314 2071 1320 2078 .

258 2099 441 2141 ,‚Decrevi⁴‘
466 2102 518 2133 est
541 2100 721 2141 perfectum
751 2100 892 2142 logicum
923 2099 1058 2141 eiusque
1083 2108 1199 2133 sensus
1222 2109 1322 2141 „con-

259 2153 366 2187 silium
390 2157 442 2187 est
465 2153 576 2187 mihi:-
