1588 2463
782 180 824 213 10

245 279 285 311 In
309 287 409 312 versu
420 294 422 296 ·
434 279 507 311 Ter.
533 278 633 311 Andr.
661 279 721 311 731
736 288 744 311 ε

335 333 432 366 Move
471 331 562 365 ocius
601 334 634 364 te
669 334 707 364 ut
742 331 820 372 quid
859 342 955 373 aqam
993 341 1089 372 porro
1125 332 1311 373 intellegas.

246 384 402 418 adverbio
416 386 556 426 „porro“
575 384 662 418 actio
682 384 954 426 interrogationis
975 384 1127 426 obliquae
1148 385 1314 419 indicatur

246 438 368 471 futura.

337 494 367 525 3.
407 492 658 533 Imperfecti
681 495 717 525 et
731 492 1144 533 plusquamperfecti
1161 492 1314 526 coniunc-

246 546 350 580 tivum
381 546 505 579 habent
543 545 701 587 imprimis
740 545 1117 587 interrogationes
1152 546 1315 579 delibe-
1361 565 1363 567 -

246 599 423 633 rativae
457 599 609 640 obliquae
645 609 728 640 quae
759 600 801 632 ad
831 599 1047 640 praeteritum
1070 599 1248 641 pertinent,
1281 602 1316 633 et

246 662 331 694 quae
357 653 573 686 enuntiantur
595 653 783 686 irreales
807 652 993 686 sententiae
1013 653 1237 687 secundariae.

289 707 338 740 Pl.
366 708 465 740 Merc.
491 708 572 740 633:
597 706 684 748 Quid
708 709 744 740 tu
768 707 899 747 faceres,
925 717 999 739 men
1022 708 1146 748 rogas?

358 762 442 794 Rud.
468 762 552 794 379:
578 770 677 802 rogas
700 760 777 801 quid
800 760 949 800 faceres?

361 814 449 847 Trin.
476 816 558 847 992:
599 814 642 847 Di
667 824 718 847 me
742 814 884 855 perdant
906 814 935 846 si
960 816 993 847 te
1026 814 1119 847 flocci
1152 814 1238 847 facio
1270 809 1314 847 an

951 868 1103 909 periisses
1124 868 1223 909 priuS.

358 923 460 955 Andr.
487 923 568 955 963:
593 924 731 963 nemost,
756 931 852 962 quem
874 921 999 954 mallem
1011 922 1034 965 ¹)
1058 922 1210 964 omnium,

246 985 310 1016 quo
334 976 406 1009 loco
431 975 657 1017 opprimuntur
680 976 782 1009 verba
801 974 932 1017 „videre
955 974 1020 1008 nisi
1043 985 1117 1008 eum
1137 975 1312 1009 viderem.“

246 1030 356 1070 Atque
389 1030 503 1062 eadem
533 1028 677 1070 protasis
705 1031 758 1062 est
787 1029 938 1062 addenda
965 1028 1169 1071 (pronomine
1200 1031 1311 1071 „eum“

247 1082 282 1115 in
309 1084 381 1124 „te“
408 1083 558 1126 mutato).

358 1136 443 1170 Eun.
457 1137 520 1170 561
532 1147 539 1170 :
556 1136 701 1178 Nemost,
716 1146 811 1177 quem
823 1145 884 1178 ego
895 1136 1048 1169 nunciam
1055 1136 1161 1178 magis
1171 1147 1315 1177 cuperem

923 1190 1036 1224 videre
1060 1200 1157 1231 quam
1180 1193 1224 1223 te.

359 1245 540 1277 Praeterea
551 1244 667 1278 videas
679 1243 780 1277 Stich.
791 1244 978 1285 253-255‚
991 1244 1047 1285 qui
1059 1253 1176 1278 versus
1189 1247 1314 1277 tracta-

358 1298 480 1330 buntur
503 1299 521 1340 ξ
545 1299 635 1331 9Αα.

325 1353 354 1385 4.
379 1351 598 1385 Enuntiatum
614 1351 842 1385 secundarium
857 1361 962 1393 neque
978 1351 1099 1385 irreale
1113 1361 1219 1392 neque
1232 1351 1315 1385 deli-

248 1405 432 1438 berativum
447 1407 507 1445 est,
525 1406 582 1438 sed
601 1405 886 1447 praeteritam
908 1408 1072 1439 tantum
1089 1405 1314 1446 actionem,

248 1468 341 1499 quae,
372 1458 400 1491 si
431 1459 598 1492 sententia
627 1469 686 1500 per
717 1468 751 1492 se
786 1462 901 1501 staret,
933 1459 1123 1500 imperfecto
1147 1459 1201 1493 vel
1225 1459 1315 1500 plus-

248 1512 492 1553 quamperfecto
517 1512 770 1547 indicativi
801 1513 1047 1555 exprimeretur,
1074 1513 1241 1554 significat
1264 1513 1316 1545 his

248 1565 355 1598 tribus
377 1567 463 1607 apud
488 1566 679 1599 Terentium
702 1566 803 1600 locis:

293 1619 422 1652 Phorm.
447 1621 514 1653 380
538 1629 598 1661 sq.:
625 1620 728 1662 Quem
752 1620 891 1653 amicum
910 1623 1000 1653 tuom
1017 1620 1068 1653 ais
1083 1620 1185 1654 fuisse
1205 1620 1314 1661 istum,

972 1673 1114 1714 explana
1136 1673 1224 1714 mihi,

613 1727 660 1759 Et
683 1727 738 1767 qui
761 1729 937 1769 cognatum
953 1736 1003 1759 me
1021 1727 1083 1759 sibi
1100 1735 1173 1759 esse
1189 1727 1313 1760 diceret.

337 1781 432 1823 Quod
454 1780 617 1813 Dziatzko
642 1781 684 1814 ad
706 1780 792 1814 hunc
808 1781 914 1814 locum
932 1780 1022 1822 dicit,
1040 1780 1117 1821 quia
1132 1780 1314 1821 perfectum

252 1834 392 1877 „fuisse“
411 1836 589 1868 antecedat
604 1837 639 1867 et
655 1834 760 1876 Stilpo
777 1835 842 1867 iam
858 1837 1007 1867 mortuus
1022 1837 1165 1875 putetur,
1189 1834 1316 1867 verbum

247 1899 358 1930 reyens
380 1889 423 1921 ad
445 1888 661 1929 praeteritum
681 1888 883 1930 cogitatione
906 1888 1034 1929 referri,
1052 1887 1208 1921 assentiri
1224 1887 1315 1928 equi-

268 1988 289 2021 ¹)
319 1987 422 2015 Contra
449 1995 541 2014 omnes
573 1987 758 2022 Calliopianae
788 1986 957 2013 recensionis
989 1986 1083 2019 libros,
1114 1987 1162 2020 qui
1185 1985 1313 2019 „malim‘·

320 2032 460 2066 praebent,
489 2032 573 2058 lectio
597 2032 739 2064 „mallem
764 2032 891 2058 Bembini
914 2031 1092 2066 praeferenda
1119 2032 1170 2063 est,
1199 2030 1263 2065 quia
1285 2030 1315 2057 in

320 2084 398 2103 versu
417 2077 485 2104 Eun.
505 2077 555 2104 561
577 2085 638 2103 cnm
650 2076 701 2103 hoc
715 2077 773 2103 loco
786 2077 866 2111 plane
880 2077 1042 2110 congruenti
1057 2075 1150 2103 cadom
1163 2075 1312 2102 adhibetur

320 2121 406 2148 forma
425 2121 539 2148 irrealis.
