1588 2463
783 174 825 206 24

317 272 390 304 Ter.
414 271 542 304 Phorm.
572 271 655 310 577:
687 270 773 313 Quid
802 272 904 312 gnato
935 271 1077 312 obtiyerit
1107 280 1157 303 me
1188 271 1334 316 absente,

1102 325 1247 357 audisti?

403 378 483 411 Hec.
509 379 591 411 607:
615 378 719 420 Quem
750 387 821 410 cum
851 377 936 410 istoc
967 387 1148 411 sermonem
1177 378 1334 419 habueris,

695 431 809 472 procul
831 431 908 463 hinc
931 434 1025 464 stans
1047 432 1163 473 accepi,
1188 441 1279 464 uxor.

351 486 424 518 Hoc
447 485 518 518 loco
543 494 737 525 quamquam
761 484 935 526 participio
960 485 1095 526 „procul
1119 485 1196 518 hinc
1219 487 1333 518 stans“

270 538 453 580 praeterita
477 538 564 572 actio
589 538 771 579 accipiendi
788 538 977 572 accuratius
992 538 1198 579 describitur,
1225 542 1335 572 tamen

268 601 427 633 praesens
451 601 535 632 quae
566 595 618 625 est
647 595 787 626 eventus
817 592 888 625 eius
917 592 1056 625 scientia
1087 592 1121 624 in
1152 595 1261 625 mente
1285 592 1334 625 lo-

269 645 401 687 quentis
423 645 605 686 praevalet.

312 699 362 733 Pl.
387 699 457 732 Mil.
482 699 525 741 gl.
553 700 638 732 1097
664 708 727 740 sq.:
753 699 824 731 dixi
847 699 995 739 equidem
1020 699 1090 740 tibi⁷

482 753 553 795 Quo
578 756 675 794 pacto
699 752 733 786 id
755 752 828 785 fieri
845 753 947 793 possit
970 752 1243 800 clementissume.

268 807 466 848 Palaestrio,
491 816 586 847 quem
609 806 688 847 quid
711 805 815 839 faciat
837 807 877 839 de
902 806 1084 839 concubina
1115 806 1209 839 miles
1232 807 1334 839 inter-

269 864 375 902 rogat,
399 861 485 893 hanc
504 859 798 901 interrogationem
815 869 1093 900 supervacaneam
1110 869 1183 893 esse
1200 870 1335 901 respon-

268 915 326 948 det
348 914 435 955 quod
457 913 539 946 illud
562 913 628 946 iam
643 912 751 954 priore
776 913 913 946 consilio
938 913 1003 955 (vv.
1023 915 1089 946 980
1105 914 1187 957 sqq.)
1204 923 1245 946 ex
1262 923 1335 947 sese

270 968 363 1001 sciat.
404 967 502 1009 „Dixi
515 967 597 1000 tibi“
611 967 714 1009 igitur
724 967 810 1001 idem
822 970 875 1000 est
886 970 986 1008 atque
1005 967 1093 1009 „scis
1112 967 1177 1000 iam
1195 976 1235 1000 ex
1251 969 1333 1000 n1e.“

269 1023 362 1065 Quae
392 1021 478 1055 ratio
509 1031 606 1062 quam
638 1021 682 1053 sit
705 1030 785 1054 vera
809 1021 927 1054 testari
951 1021 1029 1054 mihi
1053 1021 1185 1054 videtur
1207 1031 1332 1055 versus

312 1077 413 1109 Poeu.
430 1075 511 1108 547:
530 1075 635 1117 Scitis,
652 1084 721 1108 rem
736 1075 871 1108 narravi
886 1074 990 1116 vobis,
1007 1084 1089 1116 quor
1105 1077 1219 1108 vostra
1235 1085 1335 1116 opera

1018 1128 1062 1161 mi
1085 1137 1167 1169 opus
1189 1129 1247 1161 siet

268 1183 326 1217 ubi
354 1191 512 1224 praesens
542 1184 691 1223 eventus,
716 1191 811 1223 quem
835 1181 983 1215 continet
1011 1182 1201 1223 perfectum,
1234 1182 1333 1216 verbo

270 1236 404 1279 ‚‚scitis“
436 1236 637 1278 exprimitur.
685 1237 795 1276 Atque
824 1236 888 1269 huc
918 1239 995 1268 sunt
1025 1236 1187 1269 adiciendi
1219 1245 1335 1270 versus

313 1290 361 1324 Pl.
392 1291 485 1324 Cure.
517 1291 599 1323 608:
631 1290 715 1322 Dim·
742 1289 891 1330 equidem
921 1289 982 1322 tihi
1012 1290 1098 1322 unde
1129 1290 1171 1323 ad
1201 1298 1253 1322 me
1282 1290 1335 1324 hic

311 1351 313 1353 ’
1053 1343 1242 1384 pervenerit.

375 1397 491 1438 Amph.
518 1398 598 1430 744:
625 1396 707 1438 Quis
729 1396 832 1438 igitur
861 1396 927 1429 nisi
957 1405 1017 1429 vos
1047 1397 1195 1429 narravit
1217 1397 1261 1429 mi
1284 1397 1334 1430 illi

879 1452 917 1483 ut
935 1450 1036 1490 faerit
1058 1449 1245 1491 praelium?

314 1506 388 1538 Ter.
412 1505 497 1537 Eun.
522 1506 588 1537 420
611 1513 664 1545 sq:
712 1504 783 1545 Quo
807 1506 904 1545 pacto
928 1503 1092 1537 Rhodium
1122 1504 1275 1546 tetiyerim
1298 1504 1334 1537 in

1091 1557 1242 1591 convivio

709 1611 892 1652 Numquam
916 1611 976 1643 tibi
1000 1612 1095 1643 dinei?

375 1666 455 1698 Hec.
480 1666 561 1698 582:
616 1665 698 1698 Nam
729 1664 808 1697 mihi
837 1664 927 1697 intus
958 1667 1033 1698 tuos
1062 1668 1158 1706 pater
1187 1666 1335 1698 narravit

696 1718 801 1759 modo,
825 1728 888 1758 quo
912 1721 1009 1759 paeto
1034 1728 1084 1751 me
1107 1719 1261 1751 habueris.

268 1773 422 1807 Perfecta
439 1772 551 1815 „venam
574 1775 608 1805 et
628 1772 774 1814 „revenW
800 1772 954 1812 aequalia
975 1775 1052 1805 sunt
1068 1772 1225 1813 „adsum“
1243 1772 1332 1805 hisce

270 1826 368 1860 locis:
393 1827 442 1860 Pl.
467 1826 583 1866 Amph.
608 1827 672 1859 869
698 1835 763 1866 sq.:
790 1825 893 1858 Simul
916 1825 1189 1859 Alcumenae....

782 1879 858 1913 veni
881 1881 919 1912 ut
941 1879 1098 1912 auxilium
1121 1879 1234 1919 feram.

481 1933 581 1966 Mero.
606 1934 687 1966 669:
719 1932 856 1974 Reveni‚
889 1935 927 1966 ut
956 1932 1049 1965 illum
1073 1937 1250 1974 persequar
1278 1932 1334 1973 qui

1074 1996 1125 2019 me
1148 1986 1242 2028 fugit.

315 2040 381 2073 Ter
402 2039 540 2080 Adelph.
567 2040 632 2073 653
657 2048 721 2080 sq.:
746 2040 782 2072 Is
803 2039 897 2073 venit
919 2042 958 2072 ut
982 2049 1091 2073 secum
1115 2040 1235 2072 avehat.

677 2120 763 2126 .....
787 2093 948 2134 virginem
971 2096 1009 2127 ut
1033 2103 1142 2127 secum
1163 2094 1285 2126 avehat.
