1588 2463
770 133 814 166 40

369 231 521 264 Pseudol.
545 231 609 263 597
634 240 698 273 sq.:
723 230 772 263 ita
796 239 872 263 erus
894 239 986 263 meus
1008 230 1086 262 mihi
1110 230 1205 263 miles
1227 230 1321 269 dimit,

471 285 645 326 Septumas
661 293 734 317 esse
750 293 771 317 a
786 286 883 325 porta
899 283 1001 326 aedis,
1018 283 1074 317 nbi
1090 283 1159 316 illic
1174 284 1289 318 habitet
1300 286 1322 328 ¹)

771 355 774 358 >
1081 347 1174 380 qum.
1189 363 1195 370 .
1209 364 1235 371 ..

303 392 377 424 Ter.
401 391 503 424 Andr.
521 392 602 424 687:
628 391 731 424 Orare
755 391 857 432 iussit,
883 390 911 423 si
936 400 971 424 se
987 400 1087 432 ames,
1112 400 1179 432 era,
1204 390 1269 424 iam
1286 394 1325 424 ut

952 444 995 477 ad
1016 453 1088 477 sese
1111 445 1229 478 venias.

370 499 455 532 Eun.
480 499 545 531 262
570 507 655 540 sqq.:
682 498 803 531 sectari
825 498 915 540 iussi,

473 551 508 585 Si
531 550 619 592 potis
642 553 703 592 est,
735 554 892 594 tanquam
915 551 1179 593 philosophorum
1202 551 1326 585 habent

873 604 1067 646 disciplinae
1091 615 1132 638 ex
1155 605 1236 646 ipsis

474 658 652 699 Vocabula,
677 658 817 700 parasiti
832 658 882 691 ita
897 661 936 691 ut
951 658 1152 692 Gnathonici
1167 662 1323 692 vocentur.

358 712 487 745 Phorm.
498 712 579 753 prol.
590 713 611 745 6
620 721 703 754 sqq.:
718 711 804 754 Quia
816 721 976 755 nusquam
987 711 1138 745 insanum
1150 712 1323 753 scripsit...

747 791 825 798 .....
851 775 946 798 orare
970 768 1008 798 ut
1030 766 1192 799 subveniat
1215 766 1286 799 sibi.

258 819 370 853 Luscii
394 819 517 860 fabula,
541 819 575 852 in
599 828 664 862 qua
687 818 749 851 hoc
772 819 941 860 agebatur,
967 821 1036 851 tum
1060 819 1223 852 exstabat.

369 874 449 906 Hec.
467 873 553 907 345:
578 873 661 906 Tum
676 871 766 905 filius
781 875 856 905 tuos
874 873 957 906 intro
972 872 1011 905 iit
1026 872 1148 915 videre,
1168 875 1207 906 ut
1222 873 1323 914 venit,

1034 926 1112 968 quid
1132 929 1215 969 ayat.

257 991 297 1023 In
320 989 470 1024 versibus
492 989 542 1023 Pl.
567 990 683 1031 Amph.
710 991 795 1023 1122
821 999 886 1032 sq.:

472 1044 507 1076 Is
531 1053 566 1077 se
595 1044 679 1076 dixit
710 1053 782 1077 cum
811 1044 993 1076 Alcumena
1016 1043 1101 1076 clam
1132 1045 1323 1076 consuetum

1072 1096 1235 1130 cubitibus

472 1150 621 1193 Eumque
643 1150 746 1184 filium
775 1159 866 1184 suom
896 1159 980 1191 esse,
1012 1150 1068 1193 qui
1099 1150 1176 1183 illos
1207 1150 1325 1192 anguis

1118 1204 1235 1237 vicerit.

257 1260 296 1291 ut
324 1258 435 1292 verbis
466 1258 562 1300 „dum
591 1258 675 1291 haec
704 1259 869 1299 aguntur“
898 1267 1015 1291 versus
1046 1258 1142 1291 1120.
1175 1260 1322 1299 apparet,

257 1311 353 1344 inte
364 1322 381 1344 r
403 1312 476 1345 vin
487 1312 669 1345 cendum
691 1312 715 1345 J
717 1321 809 1345 ovem
826 1311 948 1345 dixisse
965 1311 1067 1353 primo
1085 1311 1215 1354 quidem
1233 1311 1322 1353 cogi-

260 1367 360 1398 tatur.
406 1366 446 1398 In
469 1374 568 1399 versu
592 1367 703 1398 autem
727 1366 814 1399 1123
834 1365 897 1398 hac
920 1365 1121 1406 cogitatione
1146 1365 1267 1398 omissa
1283 1374 1324 1398 ex

259 1419 426 1460 praesenti
457 1421 602 1460 tempore
640 1419 683 1452 ad
712 1420 798 1461 quod
834 1418 1018 1452 infinitivus
1049 1420 1164 1461 ‚‚esse“
1197 1420 1327 1459 spectat

259 1471 387 1505 dicitur.
425 1473 518 1515 Quae
534 1473 576 1506 ad
591 1481 749 1514 praesens
764 1472 884 1506 relatio
900 1472 965 1505 nisi
981 1472 1015 1505 iu
1031 1475 1140 1505 mente
1156 1472 1326 1506 narrantis

258 1528 356 1560 fieret
378 1526 457 1569 quid
480 1529 531 1559 est
554 1526 641 1569 quod
666 1526 855 1568 ‚,vinceret“
887 1526 1030 1567 positum
1060 1536 1125 1559 nou
1151 1526 1220 1559 sit?
1258 1526 1324 1559 Im-

259 1580 439 1622 perfectum
463 1579 549 1622 enim
572 1589 678 1622 neque
702 1589 723 1612 a
745 1582 849 1613 metro
874 1589 989 1622 neque,
1014 1581 1051 1612 ut
1073 1580 1167 1613 modo
1192 1580 1324 1613 demon—

260 1634 374 1674 stravi,
399 1643 420 1667 a
444 1633 611 1666 sententia
634 1633 777 1666 alienum
801 1635 898 1666 esset.

601 1715 631 1747 3.
658 1714 981 1755 plusquampexfecti.

302 1778 352 1811 Pl.
377 1778 470 1811 Cure.
495 1777 560 1810 425
580 1786 643 1819 sq.:
669 1777 764 1818 Quod
785 1776 863 1810 istic
888 1776 1086 1818 scriptumst,
1111 1776 1145 1810 id
1168 1779 1202 1809 te
1227 1786 1323 1810 orare

1100 1831 1237 1863 iusserat

471 1884 624 1917 Profecto
648 1886 687 1917 ut
709 1883 838 1925 facere-3,
874 1893 966 1917 suam
990 1884 1018 1917 si
1041 1883 1146 1917 velles
1169 1883 1321 1925 gratiam.

296 2022 316 2057 ¹)
345 2022 392 2049 Sic
409 2022 581 2049 Bitscholius
600 2023 794 2050 Fleckeisenus
814 2022 944 2050 Goetzius
963 2030 1011 2057 pro
1030 2022 1155 2050 codicum
1181 2022 1323 2055 „habitaffi

349 2067 527 2101 scripserunt..
