1588 2463
782 188 824 221 25

313 287 363 320 Pl.
386 286 505 320 Bacch.
531 287 596 320 369
621 295 685 327 sq.:
710 286 829 327 quippe
852 295 916 326 quo
940 295 1034 319 nemo
1059 286 1204 327 advenit,

358 339 430 373 Nisi
450 349 545 380 quem
564 348 639 380 spes
653 339 806 381 reliquere
827 348 949 380 omnes,
973 348 1047 372 esse
1063 342 1100 373 ut
1112 339 1199 382 frugi
1209 341 1334 381 possiet.

271 393 374 435 ,‚nisi.
389 419 414 426 ..
438 394 572 426 omnes‘²
589 393 725 426 eandem
741 392 842 425 habet
857 392 922 425 vim
939 402 1035 433 quam
1054 392 1138 434 „nisi
1156 393 1209 426 eui
1224 393 1336 426 nullae

271 455 346 488 spes
368 446 516 487 reliquae
540 447 649 479 sunt.“

314 500 398 533 Rud.
423 501 485 533 611
513 509 576 540 sq.:
599 499 694 533 Nunc
717 508 814 540 quam
831 499 873 532 ad
889 508 957 532 rem
980 500 1086 532 dicam
1100 500 1162 532 hoe
1184 500 1335 533 adtinere

1077 553 1246 595 somnium,

484 607 665 647 Numquam
681 606 777 639 hodie
794 606 882 648 quivi
894 607 936 639 ad
948 606 1171 640 coniecturam
1183 608 1334 641 evadere.

359 659 519 693 Daemoni
550 659 748 693 sententiam
779 660 1006 693 secundariam
1036 660 1203 701 eloquenti
1234 660 1335 694 dictio

271 714 383 755 aliqua
405 716 612 755 praesentem
643 713 863 755 ignorantiam
892 713 1083 755 significans
1113 717 1191 747 ante
1223 714 1336 747 oculos

271 771 331 801 est.
379 768 496 809 Itaque
520 776 793 809 ‚‚numquam....
820 768 984 801 evadere“
1008 768 1147 809 aequale
1167 770 1219 801 est
1236 768 1336 809 „mihi

271 821 445 856 conicienti
470 822 612 855 nondum
637 821 773 862 liquet.“

316 876 410 916 Capt.
435 876 500 909 493
525 884 588 916 sq.:
615 875 679 917 Qui
703 875 877 908 concilium
899 875 1007 917 iniere,
1032 885 1095 916 quo
1120 885 1180 908 nos
1196 875 1287 909 victu
1303 878 1338 908 et

961 928 1032 962 vita
1051 929 1247 971 prohibeant,

615 982 651 1015 Is
673 981 758 1015 diem
781 982 966 1015 dicam....

359 1036 444 1069 Esse
468 1045 554 1069 nunc
570 1035 837 1069 adulescentibus
854 1036 1026 1069 consilium
1042 1036 1182 1069 maxime
1197 1036 1337 1078 parasiti

272 1090 423 1123 interest.

316 1144 409 1177 Cure.
434 1144 498 1177 371
525 1152 589 1184 sq.:
615 1143 755 1176 subduaei
776 1143 1008 1186 ratiunculam,

431 1197 597 1239 Quantum
620 1196 709 1229 aeris
732 1196 809 1229 mihi
833 1197 875 1229 sit
897 1200 1119 1237 quantumque
1142 1197 1244 1231 alieni
1267 1197 1332 1231 siet.

271 1251 396 1284 Sensus
419 1253 472 1283 est
490 1251 553 1284 hoe
575 1250 647 1283 loeo
672 1250 882 1292 „ratiuncula
906 1250 1006 1284 scio“.

315 1305 431 1346 Amph.
458 1305 520 1337 177
546 1313 610 1345 sq.:
634 1304 700 1337 Rui
723 1304 819 1338 hodie
843 1304 962 1345 fuerim
985 1304 1078 1346 liber,

635 1357 720 1391 Eum
743 1367 830 1391 nune
846 1358 963 1399 potivit
985 1361 1081 1399 pater
1106 1357 1285 1392 servitutis.

362 1411 546 1445 Mercurius
568 1413 776 1453 praesentem
808 1411 980 1445 servitutis
1010 1412 1233 1445 condicionem
1261 1422 1338 1445 con-

272 1465 430 1507 queritur,
453 1474 555 1506 quare
580 1465 675 1498 salva
698 1465 865 1498 sententia
888 1475 946 1506 pro
971 1475 1083 1507 ‚‚eum.
1098 1492 1124 1498 ..
1143 1465 1335 1498 servitutis“

270 1518 335 1552 diei
358 1521 469 1560 potest
492 1518 584 1560 „Ego
607 1528 694 1552 nune
717 1527 787 1552 sum
811 1528 925 1552 servos
946 1519 1084 1560 patris“.

315 1573 407 1605 Pers.
429 1573 510 1606 621:
534 1572 685 1606 Servitus
707 1582 781 1605 mea
804 1572 847 1605 mi
869 1573 1037 1605 interdioeit
1061 1582 1103 1606 ne
1134 1572 1212 1613 quid
1242 1573 1338 1605 mirer

989 1635 1094 1659 meum
1118 1626 1248 1659 malum.

316 1671 440 1704 Sensus
463 1672 516 1703 est
539 1670 705 1712 „servitus
728 1680 802 1704 mea
827 1670 1009 1711 prohibet.“

316 1724 389 1757 Ter.
415 1724 536 1757 Heaut.
562 1724 627 1757 848
652 1733 717 1765 sq.:
740 1725 861 1758 Jamne
883 1725 998 1758 oblitus
1020 1736 1060 1765 es,

430 1778 524 1811 Inter
546 1787 608 1822 nos
631 1777 709 1818 quid
732 1779 774 1811 sit
797 1777 921 1811 dietum
943 1778 983 1811 de
1007 1777 1169 1811 fallacia?

386 1831 524 1873 Adelph.
550 1832 610 1865 54:
634 1831 686 1865 Ea
709 1841 750 1865 ne
773 1841 825 1865 me
844 1832 927 1873 celet,
951 1831 1127 1872 consuefeci
1149 1830 1262 1864 filium.

273 1884 487 1926 ,‚Consuefeci
509 1884 633 1918 filium“
658 1884 744 1918 idem
768 1888 821 1918 est
843 1889 943 1926 atque
969 1885 1057 1927 „filio
1082 1894 1152 1918 mos
1175 1887 1259 1918 est“.

380 1938 519 1980 Adelph.
543 1940 609 1972 476
633 1947 698 1980 sq.:
731 1938 794 1972 Ille
817 1939 923 1972 bonus
945 1938 997 1972 vir
1025 1938 1121 1971 nobis
1150 1937 1336 1980 psaltriam,

996 1991 1024 2024 si
1046 1991 1098 2025 dis
1120 1991 1241 2033 placet,

436 2044 579 2087 Paravit,
603 2045 733 2086 quicum
756 2046 850 2078 vivat.

271 2097 453 2139 Hegionem
476 2099 635 2139 quomodo
658 2099 825 2141 praesenti
849 2108 903 2132 res
932 2108 967 2132 se
990 2099 1130 2141 habeat,
1172 2107 1336 2140 exponere
