1588 2463
797 180 839 212 31

439 277 489 312 A.
523 278 687 311 Praesens
711 277 860 318 sequitur
882 277 935 325 yel
959 277 1150 319 perfectum.

500 332 580 364 205:
607 330 761 364 Telebois
792 330 884 364 iubet
917 331 1115 365 sententiam
1147 334 1185 364 ut
1218 331 1332 365 (licant

1140 394 1241 419 suam.

452 333 467 518 l
500 439 582 472 240:
609 438 759 471 Animam
784 438 942 471 omittunt
964 438 1152 479 priusquam
1177 438 1249 472 loco
1273 439 1331 472 de-

1090 492 1241 533 migrent.

481 546 583 578 1069:
609 555 755 586 accurro,
781 547 819 578 ut
843 545 980 578 sciscam
1004 545 1082 586 quid
1105 545 1197 579 velit.

481 600 584 633 1093:
609 599 750 632 Invocat
772 599 852 632 deos
873 598 1077 640 immortalis
1098 601 1137 632 ut
1160 599 1223 632 sibi
1239 599 1332 632 auxi-

1020 652 1100 686 lium
1123 652 1242 686 ferant.

479 716 546 749 510
569 725 633 756 sq.:
658 715 753 757 Rogo
776 715 999 749 Philocratem
1023 725 1064 748 ex
1086 715 1184 749 Alide

314 773 407 814 Capt.
661 769 785 810 Ecquis
808 769 972 802 hominum
996 769 1137 802 noverit.

455 798 467 876 Ι
479 823 544 856 513
554 834 560 856 :
586 825 662 856 orat
671 824 888 863 obsecratque
898 831 972 856 eum
985 822 1048 856 sibi
1056 823 1167 856 videre
1175 825 1214 856 ut
1221 823 1331 857 liceat.

306 497 421 538 Amph.

480 887 564 919 330:
589 886 720 928 argenti
745 896 824 928 rogo
848 886 898 919 uti
921 885 1025 919 faciat
1048 886 1183 927 copiam.

454 891 544 1020 1361
570 949 633 980 sq:
670 934 804 973 Deduco
837 940 938 981 pedes
969 940 1010 972 de
1042 939 1128 973 lecto
1164 939 1257 981 clam,
1291 949 1333 972 ne

310 998 403 1031 Curc.
989 993 1085 1026 miles
1108 993 1242 1027 sentiat.

672 1047 808 1089 Rogant
830 1056 881 1080 me
905 1047 994 1081 servi
1016 1057 1079 1088 quo
1105 1057 1187 1081 eam.

590 1101 655 1134 efr.
681 1102 756 1143 339,
781 1102 848 1135 340
871 1111 929 1143 sq„
954 1093 1030 1135 355.

310 1164 380 1198 Mil.
406 1164 450 1206 gl.
480 1165 557 1197 116:
589 1164 761 1206 Inscendo,
794 1167 832 1197 ut
862 1174 934 1198 eam
963 1174 1030 1198 rem
1061 1165 1268 1206 Naupactum
1292 1166 1334 1199 ad

973 1228 1063 1252 erum
1086 1219 1243 1252 nuntiem.

313 1272 412 1305 Most.
439 1272 541 1306 1049:
567 1271 669 1313 Capio
682 1271 863 1313 consilium,
880 1274 920 1305 ut
932 1275 1082 1306 senatum
1098 1282 1334 1314 congerronum

1056 1336 1241 1360 convocem.

310 1379 393 1412 Rud.
419 1380 501 1413 605:
526 1380 598 1421 Ago
624 1388 695 1412 cum
720 1379 788 1420 illa,
813 1389 855 1413 ne
884 1379 961 1420 quid
983 1382 1104 1413 noceat
1125 1379 1206 1413 meis
1229 1389 1333 1421 popu-

1106 1433 1241 1466 laribus.

314 1485 415 1518 Stich.
434 1486 499 1519 366
517 1495 580 1527 sq.:
598 1487 684 1520 Dum
700 1489 875 1528 percontor
890 1486 1078 1528 portitore-5
1096 1497 1219 1528 ecquae
1235 1486 1333 1521 navis

1103 1540 1242 1574 venerit.

612 1593 665 1626 Ex
687 1593 868 1627 Asia....:
894 1593 1105 1635 conspicatus
1129 1603 1274 1627 sum....

457 1673 507 1709 B.
540 1673 730 1715 Imperfecti
754 1674 983 1708 coniunctivus
1006 1674 1144 1716 legitur:

313 1736 434 1770 Bacch.
459 1737 526 1770 290
548 1746 613 1777 sq.:
637 1737 791 1777 quoniam
816 1738 923 1771 sentio

525 1790 618 1832 Quae
642 1800 697 1824 res
719 1794 899 1833 gereretur,
924 1800 1041 1825 navem
1054 1817 1140 1825 .....

314 1843 432 1876 Bacch.
458 1844 520 1877 301
548 1853 612 1885 sq.:
644 1844 834 1878 Auferimus
867 1854 982 1878 aurum
1019 1854 1113 1878 omne
1148 1844 1230 1877 illim
1265 1845 1334 1877 illis

1015 1897 1246 1939 praesentibus

449 1951 564 1985 Palam
588 1956 687 1993 atque
701 1955 826 1994 aperte,
845 1955 884 1985 ut
899 1952 950 1984 illi
961 1951 996 1985 id
1007 1951 1130 1985 factum
1144 1952 1330 1985 sciscerent.

314 2004 411 2038 Merc.
437 2006 482 2038 90
506 2015 591 2046 sqq:
617 2006 752 2040 Servom
775 2015 842 2040 una
866 2006 978 2047 mittit,
1004 2032 1094 2039 .....

714 2060 808 2101 quasi
833 2060 882 2092 uti
905 2059 984 2092 mihi
1007 2059 1095 2092 soret

621 2114 750 2147 Custos.
