1588 2463
817 142 858 173 16

802 238 874 281 §3-

389 291 430 324 In
453 291 637 325 enuntiatis
666 291 871 325 secundariis
894 301 966 325 cum
990 291 1058 324 illis
1089 294 1104 324 t
1114 302 1131 325 e
1142 302 1173 325 m
1182 302 1204 334 p
1214 302 1233 326 o
1244 292 1313 326 rib
1322 303 1343 326 u
1355 302 1371 325 s

301 345 423 378 histo
435 345 549 378 ricis
581 345 773 386 coniunctis,
808 355 945 388 quorum
980 346 1021 379 ad
1056 356 1162 387 prae
1175 355 1250 379 sen
1262 356 1278 379 s
1312 347 1370 380 lo-

301 398 485 441 quentis
500 402 673 440 tempus
688 398 877 432 referuntur
892 399 1076 432 actione
1089 408 1104 431 s
1116 399 1170 433 vel
1184 400 1370 433 sententiae

302 462 340 486 eo
358 455 504 494 tempore
521 453 636 486 valent
646 454 680 495 ¹),
700 463 721 494 p
730 463 748 485 r
757 462 778 486 a
788 462 806 486 e
818 462 834 485 s
844 461 862 484 e
872 462 894 485 n
905 452 940 485 ti
951 461 967 484 s
983 452 1213 486 coniunctivus
1229 456 1264 486 et
1279 463 1300 495 p
1311 463 1328 486 e
1339 463 1371 486 r-

302 506 319 539 f
326 516 344 539 e
356 516 373 539 c
383 506 419 539 ti
441 506 606 540 interdum
628 506 772 547 ponitur.

325 568 374 603 A.
405 569 500 611 Quod
523 569 661 610 primum
684 569 718 602 in
743 569 926 603 enuntiatis
949 569 1271 603 consecutivis
1293 569 1346 602 fit:
1390 611 1393 613 ,

348 623 397 656 Pl.
429 623 548 656 Bacch.
579 624 660 657 533:
694 624 815 656 Verum
849 625 1013 664 postremo
1045 623 1220 664 inpetravi,
1259 625 1298 655 ut
1329 632 1371 655 ne

939 677 1017 720 quid
1040 677 1071 710 ei
1094 678 1280 710 suscenseat.

434 730 503 763 Mil.
532 730 576 772 gl.
603 732 706 764 1138:
741 731 833 764 Istuc
868 731 991 773 curavi,
1025 734 1064 764 ut
1096 730 1249 772 opinione
1281 730 1372 763 illius

1060 784 1205 825 pulcrior
1227 784 1279 817 sis.

432 838 550 871 Bacch.
572 839 656 872 1021
681 847 745 881 sq.:
770 839 817 872 Et
831 848 882 872 me
901 838 1069 872 meliorem
1088 838 1169 871 fecit
1186 837 1372 879 praeceptis

1203 901 1281 933 suls,

598 946 645 979 Ut
658 949 692 979 te
704 946 735 979 ei
748 946 870 979 habere
882 946 1025 988 gratiam
1038 956 1177 989 aequom
1189 947 1230 979 sit
1242 946 1370 978 bonam.

432 1000 517 1033 Men.
546 1000 626 1033 712:
659 1000 746 1042 Quid
773 1001 906 1033 tandem
934 999 1052 1033 admisi
1079 999 1114 1033 in
1137 1009 1198 1041 me,
1222 1001 1260 1032 ut
1282 998 1372 1041 loqui

1032 1064 1097 1087 non
1121 1053 1284 1086 audeam?

433 1108 505 1140 Cas.
531 1108 557 1148 I,
590 1109 630 1140 17
660 1107 768 1151 (105):
800 1108 952 1141 Praefeci
982 1108 1050 1141 ruri
1081 1110 1171 1141 recte
1201 1106 1257 1149 qui
1287 1108 1373 1139 curet

1161 1163 1282 1194 tamen.

350 1215 424 1248 Ter.
448 1215 533 1248 Eun.
559 1216 640 1248 240:
667 1216 742 1248 Itan
763 1215 890 1257 parasti
913 1218 956 1255 te,
982 1218 1020 1248 ut
1039 1224 1114 1256 spes
1132 1215 1225 1248 nulla
1248 1214 1373 1247 relicua

1017 1269 1052 1301 in
1076 1271 1109 1301 te
1133 1269 1174 1301 sit
1197 1268 1283 1301 tibi‘?

454 1322 583 1355 Phorm.
621 1323 701 1356 263:
742 1323 845 1366 Atqui
880 1322 961 1355 nihil
994 1322 1084 1363 fecit,
1119 1325 1246 1363 patrue,
1287 1320 1373 1363 quod

1092 1386 1282 1408 suscenseas.

348 1430 398 1462 Pl.
423 1429 492 1463 Mil.
515 1430 558 1471 gl.
580 1431 644 1464 263
665 1439 730 1473 sq.:
755 1431 838 1464 Nam
854 1430 911 1463 ille
927 1439 992 1463 non
1005 1429 1114 1471 potuit
1129 1428 1207 1471 quin
1225 1437 1372 1461 sermone

856 1493 914 1517 suo
940 1483 1083 1526 aliquem
1106 1481 1318 1516 familiarium

652 1537 897 1584 Paoiicipaverit
922 1564 928 1570 .
955 1563 961 1570 .
988 1563 994 1569 .
1022 1563 1029 1570 .

431 1590 527 1632 Epid.
548 1592 607 1624 80:
633 1592 815 1634 Numquam
830 1591 992 1624 hominem
1008 1599 1201 1633 quemquam
1224 1588 1372 1629 conveni,

843 1645 928 1677 unde
952 1645 1083 1677 abierim
1107 1643 1283 1677 lubentius.

534 1697 626 1731 Conf.
650 1699 741 1731 Pers.
767 1698 810 1731 55
835 1706 880 1740 sq.
907 1699 981 1732 582.

351 1751 425 1783 Ter.
450 1751 589 1792 Adelph.
614 1752 680 1785 855
705 1761 769 1794 sq.:
800 1752 982 1795 Numquam
1010 1751 1059 1784 ita
1089 1750 1260 1793 quisquam
1289 1749 1372 1781 bene

699 1806 860 1839 subducta
884 1805 1014 1838 ratione
1037 1805 1080 1838 ad
1104 1804 1207 1837 vitam
1230 1802 1305 1844 fuit,

455 1858 543 1901 Quin
555 1867 619 1900 reS,
637 1861 742 1900 aetas,
759 1868 840 1892 usus
853 1868 980 1899 semper
992 1857 1117 1901 aliquid
1129 1858 1273 1898 adportet
1283 1855 1371 1889 novi.

393 1911 466 1944 Hoc
488 1911 561 1945 loco
585 1912 739 1955 quoniam
763 1913 889 1945 Demea
911 1912 945 1944 in
966 1910 1132 1945 sententia
1154 1909 1311 1951 primaria
1334 1909 1374 1942 de

304 1965 490 1999 hominibus
513 1966 569 2009 qui
591 1966 725 1999 fuerunt
755 1966 901 1999 iudicare
924 1965 1050 2006 incipit,
1074 1968 1112 1997 ut
1134 1964 1250 2006 quales
1272 1962 1374 2001 fuisse

325 2083 346 2116 ¹)
376 2082 418 2110 Cf.
437 2082 573 2114 Kuehner,
593 2083 610 2110 l.
630 2091 652 2109 c.
672 2083 708 2114 ΙΙ,
728 2082 744 2117 ξ
764 2082 823 2116 181,
843 2082 898 2116 4,a„
