1588 2463
768 170 811 203 28

257 266 427 300 contendit
446 267 620 308 „quoniam
637 267 836 309 expugnatio
853 267 1072 301 antecesserit
1088 267 1210 301 actioni
1226 277 1321 309 prae-

257 320 377 353 teritae
401 319 601 362 occidendi“,
626 321 837 354 vehementer
866 324 967 363 errat,
999 315 1077 362 quia
1107 324 1145 355 ut
1174 321 1324 355 versibus

257 374 436 408 252—260
468 376 617 415 apparet,
648 375 727 407 urbs
754 377 942 416 expugnata
973 379 1024 408 est
1059 377 1232 417 postquam
1267 385 1324 409 rex

257 431 331 461 erat
352 428 557 461 interfectus
581 428 691 468 Atque
711 438 752 462 ne
775 428 849 470 quis
871 428 973 462 menti
998 428 1199 462 Alcumenae
1224 428 1325 462 alium

256 491 364 515 rerum
388 484 556 523 gestarum
579 481 726 515 ordinem
757 482 926 515 obversari
956 482 1061 515 dicat:
1094 485 1194 524 poeta
1223 482 1323 516 Alcu-

256 545 384 568 menam
417 545 530 569 verum
562 538 717 569 accurate
756 535 918 569 dicentem
958 536 1063 569 faciat
1094 545 1229 569 necesse
1262 539 1323 578 est,

256 588 410 631 quoniam
433 588 506 629 ipsa
529 588 601 622 eius
625 588 765 622 scientia
796 588 1045 623 admirationem
1075 589 1325 631 Amphitruonis

256 642 370 684 augeri
394 642 476 675 vult.
522 643 640 685 Itaque
670 642 752 675 nihil
784 642 874 676 aliud
903 642 969 675 nisi
999 643 1062 676 duo
1092 643 1151 676 illa
1175 643 1324 677 facinora

257 695 328 729 sine
343 695 413 729 ulla
429 695 587 737 temporis
601 696 813 729 distinctione
829 699 990 730 memorat
1012 697 1202 730 Alcumena.
1243 698 1324 730 Cum

256 749 358 791 igitur
380 749 521 782 Plautus
543 749 862 791 plusquamperfecto
886 751 1000 784 eodem
1023 751 1118 784 modo
1135 753 1234 791 atque
1251 760 1324 792 per-

256 803 343 837 fecto
368 803 532 837 actionem
557 806 703 844 tempore
727 803 880 837 audiendi
904 803 1118 845 praeteritam
1151 804 1323 846 significet,

256 867 329 890 eum
353 867 431 891 vero
457 857 519 889 sibi
542 856 648 898 ipsum
672 857 841 890 metricam
863 857 1092 891 difficultatem
1116 867 1251 899 parasse
1267 858 1324 891 ab·

257 911 389 944 surdum
412 910 466 952 sit,
491 920 550 951 per
573 920 755 944 sermonem
779 911 979 944 cotidianum
1002 911 1129 944 licitum
1153 921 1227 945 esse
1247 921 1324 945 con-

256 963 351 997 cludo
387 974 445 1005 pro
481 964 689 997 coniunctivo
729 964 1040 1006 plusquamperfecti
1078 964 1322 998 coniunctivum

256 1017 393 1059 perfecti
416 1027 546 1059 ponere.
594 1017 695 1051 Cuius
719 1018 767 1051 rei
790 1018 925 1051 tertium
949 1028 989 1051 ex
1005 1018 1124 1052 Plauto
1142 1018 1324 1060 exemplum

256 1072 392 1105 afferam
416 1072 450 1104 in
472 1073 491 1113 ξ
515 1073 547 1113 9,
570 1072 598 1104 Β
606 1073 639 1114 β,
663 1072 758 1113 Epid.
784 1073 859 1105 414.

344 1126 441 1166 Apud
464 1125 655 1158 Terentium
678 1135 763 1159 unus
785 1126 849 1158 huc
871 1126 1019 1159 attinens
1042 1126 1135 1159 locus
1156 1126 1324 1160 invenitur

301 1180 402 1212 Andr.
427 1180 491 1213 967
518 1188 581 1220 sq.:
606 1180 699 1212 More
722 1179 888 1213 hominum
911 1180 1032 1221 evenit,
1058 1183 1096 1213 ut
1118 1181 1204 1221 quod
1227 1181 1324 1224 sim¹)

994 1236 1131 1266 nanctus
1150 1234 1229 1266 mali

367 1287 464 1320 Prius
485 1287 665 1320 rescisceres
688 1289 723 1320 tu
746 1296 843 1328 quam
866 1297 926 1329 ego
943 1286 1020 1320 illut
1035 1288 1120 1328 quod
1137 1287 1197 1320 tibi
1214 1287 1326 1321 evenit

1146 1341 1233 1374 boni,

346 1466 386 1499 In
409 1466 611 1506 quorundam
641 1474 794 1499 versuum
824 1468 970 1507 tempore
1001 1465 1249 1507 interpretando
1282 1467 1324 1500 ad

256 1519 452 1553 Lorenzium
475 1522 510 1553 et
532 1519 679 1552 Brixium
702 1519 799 1553 metri
823 1529 924 1553 causa
946 1529 1104 1561 praesens
1128 1530 1186 1561 pro
1203 1520 1324 1561 imper-

257 1573 343 1607 fecto
377 1573 524 1607 adhiberi
556 1573 704 1607 dicentes
739 1583 788 1606 me
821 1573 960 1615 applico.
1017 1574 1091 1615 Qua
1125 1574 1160 1606 in
1192 1574 1322 1607 ratione

257 1627 397 1660 maxime
420 1636 471 1660 me
494 1630 615 1669 movet,
648 1627 734 1667 quod
763 1627 949 1668 praesentis
972 1627 1078 1660 forma
1107 1627 1248 1661 iambica
1270 1627 1324 1661 vel

258 1680 381 1715 cretica
403 1681 438 1714 in
463 1680 603 1714 senariis
625 1680 733 1714 locum
756 1683 850 1714 tenet
871 1680 979 1714 ultimi
1006 1681 1107 1722 pedis.

301 1734 380 1768 Gist.
406 1735 432 1773 Ι,
457 1735 488 1776 3,
513 1735 557 1768 20
580 1734 672 1778 (166)
697 1743 761 1775 sq.:
787 1735 979 1768 observavit
1002 1744 1125 1777 servos,

417 1789 488 1831 Quo
513 1790 572 1821 aut
595 1797 678 1828 quas
700 1788 735 1821 in
758 1788 851 1821 aedis
873 1788 955 1822 haec
978 1788 1121 1830 puellam
1144 1789 1276 1829 deterat.

302 1842 370 1875 Mil.
395 1842 439 1884 gl.
459 1843 520 1875 131
540 1851 604 1883 sq.:
630 1841 715 1875 Dedi
731 1842 906 1875 mercatori
922 1842 1085 1885 quoidam,
1102 1842 1158 1883 qui
1173 1842 1217 1875 ad
1231 1842 1323 1875 illum

1102 1896 1234 1937 deferat,

621 1950 669 1983 Ut
690 1949 720 1982 is
742 1949 806 1983 huc
828 1950 965 1983 veniret,

295 2057 316 2091 ¹)
344 2057 420 2083 Haec
438 2057 525 2084 forma
543 2057 667 2084 omnibus
686 2057 766 2084 libris
779 2057 928 2089 stabilitur,
948 2058 980 2083 ut
991 2057 1147 2084 Flekeiseni
1166 2056 1325 2084 coniectura

346 2104 439 2135 ,‚sum‘·
458 2101 527 2128 mihi
544 2111 598 2129 non
617 2102 755 2136 probetur.
793 2101 849 2129 cfr.
869 2101 967 2134 Rothe,
986 2110 1012 2136 p.
1031 2102 1055 2129 8.
