1588 2463
817 178 858 210 18

347 275 420 309 Cas.
446 275 491 317 ΙΙ,
515 276 547 317 4,
572 275 614 309 25
638 274 730 318 (283)
755 284 821 318 sq‚:
1199 310 1202 312 ,

430 329 501 363 Iam
521 331 641 370 metuo,
665 338 707 362 ne
728 328 956 370 Olympionem
976 337 1049 361 mea
1069 338 1152 361 uxor
1170 327 1368 370 exoraverit,

430 383 479 416 Ne
503 382 657 416 Casinam
680 383 784 415 ducat.

347 446 440 479 Cure.
465 446 529 479 558
554 455 639 488 sqq.:
665 445 844 488 Postquam
867 454 936 478 rem
955 445 1101 479 divinam
1120 445 1193 487 feci,
1217 444 1312 479 venit
1335 445 1368 478 in

1022 501 1166 532 mentem
1188 498 1277 540 mihi,

424 553 474 585 Ne
494 552 658 594 tarpezita
677 553 843 585 exulatum
864 552 993 594 abierit,
1018 555 1191 594 argentum
1211 555 1250 585 ut
1260 554 1370 592 petam

430 606 478 639 Ut
499 616 561 648 ego
585 606 696 647 potius
719 606 876 639 comedim
899 616 997 649 quam
1021 606 1087 639 ille.

344 669 428 702 Rud.
451 671 514 703 129
535 678 596 712 sq.:
622 669 714 702 Duas
734 678 844 702 seeum
863 669 1001 703 adduxit
1019 669 1139 712 quique
1159 668 1335 702 adornavit
1345 669 1368 712 ¹)

1216 722 1279 755 sibi

428 777 477 810 Ut
498 786 567 810 rem
591 775 735 810 divinam
758 775 871 818 faciat,
897 779 957 810 aut
977 776 1075 810 hodie
1098 779 1159 809 aut
1180 776 1260 809 heri.

386 839 612 881 Plesidippum
641 839 691 872 uti
721 839 890 880 praesenti
918 839 1096 873 verisimile
1124 839 1203 872 mihi
1225 839 1367 881 videtur,

298 893 376 936 quia
398 893 473 926 leno
498 902 534 926 se
551 893 811 926 sacrificaturum
828 902 901 926 esse
924 903 963 927 eo
980 896 1125 934 tempore
1149 902 1212 936 quo
1236 892 1367 926 adules-

300 956 378 980 cens
400 956 488 980 nune
511 946 647 980 advenit
669 946 808 980 dixerat.

343 1009 433 1043 Trin.
460 1010 520 1043 15:
543 1009 628 1043 Dedi
648 1009 679 1043 ei
697 1019 803 1043 meam
822 1012 968 1052 gnatam,
988 1009 1117 1053 quicum
1135 1019 1203 1043 una
1221 1012 1367 1043 aetatem

1159 1064 1211 1097 exi
1231 1066 1274 1097 at.

342 1118 457 1159 Amph.
484 1118 565 1151 195:
597 1118 650 1151 Me
679 1127 699 1150 a
727 1121 823 1159 portu
851 1117 1024 1159 praemisit
1049 1118 1188 1159 domum,
1211 1075 1301 1151 gilaec:
1329 1119 1368 1150 ut

900 1172 1044 1205 nuntiem
1066 1171 1162 1205 uxori
1185 1180 1274 1205 suae.

346 1234 464 1268 Bacch.
491 1234 556 1267 589
580 1243 666 1277 sqq.:
704 1234 826 1268 Paucis
863 1244 914 1267 me
952 1234 1043 1267 misit
1081 1234 1175 1267 miles
1213 1235 1256 1268 ad
1294 1244 1366 1268 eam

1051 1288 1276 1330 CleomachuS,

525 1342 586 1375 Vel
609 1344 648 1374 ut
670 1342 830 1375 ducentos
851 1341 1023 1383 Philippos
1044 1342 1158 1375 reddat
1181 1351 1299 1375 aureos

460 1406 462 1408 ·
524 1396 585 1429 Vel
602 1398 640 1428 ut
656 1395 732 1428 hino
750 1395 785 1428 in
796 1396 943 1429 Elatiam
956 1395 1052 1429 hodie
1069 1398 1121 1429 eat
1137 1404 1246 1429 seeum
1259 1395 1364 1428 simul.

344 1457 409 1491 Cfr.
434 1459 554 1492 Bacch.
579 1459 644 1492 575
669 1467 733 1501 sq.;
758 1458 827 1492 Mil.
848 1459 891 1500 gl.
913 1460 976 1492 971
999 1467 1062 1501 sq.;
1089 1459 1162 1491 Ter.
1181 1459 1282 1492 Andr.
1300 1459 1364 1492 687

1040 1512 1059 1554 ξ
1082 1513 1103 1545 9
1126 1513 1166 1554 A,
1190 1526 1218 1558 y.
1245 1514 1275 1546 2.

387 1575 514 1617 Quibus
536 1576 576 1608 de
599 1575 683 1609 loeis
705 1584 823 1609 vereor
845 1584 886 1608 ne
910 1575 944 1608 C.
962 1575 1105 1609 Rothius
1128 1575 1170 1618 (p.
1197 1575 1252 1619 15)
1276 1577 1366 1608 erret-

300 1638 375 1662 eum
398 1629 453 1671 qui
476 1628 631 1671 loquatur
653 1629 749 1672 quasi
770 1638 789 1662 e
814 1638 875 1662 sua
898 1629 1003 1671 ipsum
1033 1632 1142 1662 mente
1167 1628 1364 1662 sententiam

300 1681 528 1715 secundariam
551 1682 765 1723 pronuntiare
790 1682 990 1716 existimans.
1038 1683 1133 1725 Quod
1161 1682 1264 1715 statui
1286 1681 1366 1715 mihi

298 1745 478 1777 pronomen
500 1735 701 1778 reflexivum,
725 1746 789 1779 quo
815 1736 1013 1770 sententiam
1039 1745 1112 1769 esse
1137 1735 1277 1769 subiecti
1299 1735 1365 1777 pri-

298 1788 393 1822 man‘i
429 1789 641 1831 significetur,
679 1792 794 1824 vetare
824 1790 965 1824 videtur.
1011 1791 1065 1823 Me
1098 1789 1227 1832 quidem
1258 1789 1365 1823 iudice

299 1842 329 1876 is
351 1842 407 1885 qui
423 1842 570 1885 loquitur
585 1843 645 1876 illa
660 1844 826 1877 enuntiati
849 1843 1046 1877 formatione
1063 1843 1203 1876 subiecti
1218 1842 1365 1884 primarii

299 1895 499 1929 sententiam
529 1896 683 1937 exprimit
712 1897 813 1931 talem
838 1907 922 1940 quae
952 1896 1121 1939 praesenti
1151 1899 1298 1938 tempore
1322 1896 1365 1929 sit

299 1950 482 1984 efficienda.

323 2075 352 2111 ¹)
375 2076 421 2103 sio
446 2076 595 2103 Lambinus
622 2078 697 2103 reete
722 2076 830 2104 videtur
849 2077 1007 2111 scripsisso;
1034 2077 1099 2104 libri
1124 2077 1227 2104 habent
1256 2077 1366 2112 ‘quique

370 2120 516 2148 adornaret
535 2121 606 2148 sibi'.
