1588 2463
807 178 851 211 42

531 275 611 309 Cum
632 279 730 317 pater
752 284 886 308 uxorem
910 279 948 308 ut
969 275 1066 308 ducat
1088 285 1185 308 orare
1208 276 1337 317 occipit.

530 328 623 362 Conf.
647 329 728 362 Hec.
756 330 819 362 126
843 338 891 371 sq.

383 382 504 423 Heaut,
518 383 583 416 304
597 392 645 425 sq.
657 393 663 415 :
689 381 753 416 Ubi
772 381 911 415 dicimus
929 381 1054 415 redisse
1067 385 1101 415 te
1112 386 1148 416 et
1158 391 1277 424 rogare
1290 382 1339 415 uti

694 435 818 469 Veniret
842 436 884 469 ad
909 439 952 477 te,
979 462 1065 469 .....

360 502 411 537 Β.
446 503 572 536 Eadem
602 502 732 536 ratione
763 506 892 544 tempus
914 502 1101 536 sententiae
1125 503 1340 536 secundariae

274 566 359 598 quae
382 557 425 589 fu
437 556 528 589 turi
559 555 746 589 infiniti
757 566 806 589 vo
831 555 958 598 regitur
972 557 1015 590 ad
1030 555 1122 590 verbi
1138 555 1341 590 infinitivum

214 638 218 646 s
272 610 420 651 regentis
443 613 571 651 tempus
592 611 869 644 accommodatur.

361 664 471 706 Atque
495 663 530 696 in
552 663 595 697 iis
624 663 809 697 enuntiatis
838 663 1029 705 compositis
1056 673 1194 706 quorum
1217 666 1253 697 et
1274 663 1340 705 pri-

271 716 396 750 mariae
411 720 448 750 et
463 717 678 751 secundariae
694 717 881 751 sententiae
896 717 931 750 in
947 720 1040 751 recta
1062 717 1213 751 oratione
1237 717 1340 750 futuri

272 770 489 804 indicativum
506 770 640 812 habent,
665 770 693 803 si
717 770 767 804 ita
782 771 928 812 pendent
942 774 979 804 ut
994 770 1152 812 primaria
1167 770 1343 804 enuntiata

274 823 450 858 infinitivis
465 823 534 857 sint
552 823 773 866 exprimenda,
797 824 831 857 in
847 824 1032 857 enuntiatis
1048 823 1253 858 secundariis
1267 827 1344 865 post

273 887 430 920 praesens
452 877 544 912 verbi
567 878 715 920 regentis
747 888 805 919 pro
838 878 949 912 futuro
979 877 1083 919 primo
1114 877 1343 912 coniunctivus

272 932 466 973 praesentis,
491 941 550 973 pro
573 931 684 965 futuro
709 932 851 965 secundo
875 931 1106 966 coniunctivus
1122 930 1262 973 perfecti
1284 932 1341 965 ad-

272 985 413 1026 hibetur,
438 987 514 1026 post
538 985 754 1026 praeteritum
777 988 887 1018 autem
911 984 1141 1019 coniunctivus
1155 984 1342 1026 imperfecti

273 1042 309 1072 et
331 1038 653 1082 plusquamperfecti.

363 1116 393 1136 α.
429 1100 620 1134 Infinitivus
642 1101 765 1142 pendet
787 1111 808 1134 a
830 1111 852 1142 p
862 1111 880 1134 r
889 1111 910 1134 a
920 1111 938 1134 e
949 1110 966 1134 s
975 1111 993 1134 e
1003 1110 1026 1134 n
1035 1104 1051 1134 t
1060 1101 1081 1134 i.

322 1164 371 1198 Pl.
396 1163 466 1197 Mil.
490 1163 534 1206 gl.
561 1165 647 1197 1414
672 1173 737 1207 sq.:

385 1218 461 1251 Iuro
482 1227 542 1259 per
559 1217 672 1251 Iovem
692 1220 728 1250 et
741 1218 936 1259 Mavortem,
953 1227 1004 1250 me
1019 1217 1204 1251 nociturum
1220 1216 1342 1250 nemini

385 1271 480 1314 Quod
503 1280 564 1312 ego
588 1270 642 1304 hic
664 1270 761 1304 hodie
783 1271 975 1311 vapularim.
1174 1269 1178 1272 ’

386 1324 478 1357 Asin.
502 1325 568 1358 528
593 1333 658 1367 sq.:
684 1325 737 1357 An
753 1327 787 1357 te
803 1324 837 1357 id
852 1327 1046 1365 exspectare
1063 1327 1203 1365 oportet,
1225 1324 1252 1357 si
1268 1323 1342 1367 quis

995 1377 1169 1419 promittat
1192 1377 1254 1410 tibi

385 1431 432 1464 'Pe
457 1430 621 1464 facturum
644 1430 780 1465 divitem
805 1430 833 1464 si
855 1431 1012 1464 moriatur
1034 1434 1141 1464 mater
1164 1432 1252 1465 sua?

272 1494 411 1527 Versum
435 1493 576 1527 alterum
599 1493 634 1527 in
649 1493 753 1535 libris,
784 1493 819 1526 in
835 1493 954 1537 quibus
977 1493 1155 1535 „moritur¹‘
1189 1497 1251 1535 est,
1275 1503 1341 1527 una

273 1547 404 1589 syllaba
434 1550 601 1581 carentem
631 1548 680 1581 ed.
713 1546 837 1581 Aldina
866 1547 1092 1581 additamento
1124 1549 1242 1589 ‚,esse“
1266 1551 1341 1589 post

275 1600 452 1642 ‚‚divitem“
487 1600 628 1642 supplet.
681 1601 756 1644 Qua
783 1600 913 1635 facilior
943 1604 979 1634 et
1010 1600 1110 1635 etiam
1141 1600 1340 1642 necessaria,

273 1654 351 1698 quia
380 1664 558 1695 pronomen
585 1654 776 1689 reflexivum
808 1657 912 1696 ,‚sua“
945 1654 1144 1688 sententiam
1176 1654 1342 1696 significat

275 1707 413 1741 subiecti
443 1707 608 1741 enuntiati
638 1708 785 1750 regentis
814 1708 952 1750 ideoque
985 1708 1216 1742 coniunctivus
1247 1717 1340 1741 usur-

259 1761 401 1802 pandus
430 1764 513 1803 erat,
544 1761 604 1795 illa
635 1761 821 1795 emendatio
845 1765 898 1795 est
920 1762 1068 1803 Pyladis,
1100 1771 1196 1805 quem
1226 1770 1340 1795 recen-

274 1814 378 1848 tiores
397 1815 541 1849 editores
566 1815 671 1849 secuti
697 1817 783 1849 sunt.

318 1878 410 1912 Asin.
435 1879 519 1912 612:
550 1879 633 1912 Nam
661 1878 739 1922 quid
768 1888 819 1912 me
848 1878 1011 1912 facturam
1041 1880 1159 1919 putas,
1192 1877 1220 1910 si
1254 1877 1341 1911 istuc

926 1932 1013 1975 quod
1035 1930 1117 1965 dicis
1140 1931 1251 1964 faxis?

320 1985 393 2018 Ter.
417 1985 498 2019 Hec.
523 1986 588 2020 398
613 1995 679 2029 sq.:
706 1985 773 2019 scio
798 1985 920 2020 nemini
936 1984 1036 2019 aliter
1052 1987 1240 2026 suspectum
1257 1984 1338 2026 fore,

434 2038 530 2081 Quin,
553 2040 640 2082 quod
663 2039 733 2073 veri
751 2038 899 2080 similest,
917 2048 959 2072 ex
975 2041 1009 2072 te
1030 2041 1120 2073 recte
1137 2047 1209 2071 eum
1226 2040 1339 2071 natum

1122 2094 1249 2133 putent.
