<?xml version="1.0" encoding="UTF-8"?>
<!DOCTYPE html PUBLIC "-//W3C//DTD XHTML 1.0 Transitional//EN"
    "http://www.w3.org/TR/xhtml1/DTD/xhtml1-transitional.dtd">
<html xmlns="http://www.w3.org/1999/xhtml" xml:lang="en" lang="en">
 <head>
  <title>
</title>
<meta http-equiv="Content-Type" content="text/html;charset=utf-8" />
  <meta name='ocr-system' content='tesseract 3.04.00' />
  <meta name='ocr-capabilities' content='ocr_page ocr_carea ocr_par ocr_line ocrx_word'/>
</head>
<body>
  <div class='ocr_page' id='page_1' title='image "./deconsecutionet01wirtgoog_00010.png"; bbox 0 0 1588 2463; ppageno 0'>
   <div class='ocr_carea' id='block_1_1' title="bbox 781 190 802 222">
    <p class='ocr_par' dir='ltr' id='par_1_1' title="bbox 781 190 802 222">
     <span class='ocr_line' id='line_1_1' title="bbox 781 190 802 222; baseline 0 0"><span class='ocrx_word' id='word_1_1' title='bbox 781 190 802 222; x_wconf 88' lang='lat'>6</span> 
     </span>
    </p>
   </div>
   <div class='ocr_carea' id='block_1_2' title="bbox 259 287 1326 812">
    <p class='ocr_par' dir='ltr' id='par_1_2' title="bbox 259 287 1325 491">
     <span class='ocr_line' id='line_1_2' title="bbox 261 287 1323 328; baseline -0.001 -8"><span class='ocrx_word' id='word_1_2' title='bbox 261 287 403 320; x_wconf 87' lang='lat' dir='ltr'><strong>studium</strong></span> <span class='ocrx_word' id='word_1_3' title='bbox 427 287 557 320; x_wconf 84' lang='lat' dir='ltr'><strong>etiamsi</strong></span> <span class='ocrx_word' id='word_1_4' title='bbox 582 287 729 320; x_wconf 79' lang='lat' dir='ltr'><strong>Terentii</strong></span> <span class='ocrx_word' id='word_1_5' title='bbox 752 287 885 320; x_wconf 89' lang='lat' dir='ltr'><strong>fabulae</strong></span> <span class='ocrx_word' id='word_1_6' title='bbox 906 297 986 328; x_wconf 85' lang='lat' dir='ltr'><strong>prae</strong></span> <span class='ocrx_word' id='word_1_7' title='bbox 1003 296 1037 319; x_wconf 92' lang='lat' dir='ltr'><strong>se</strong></span> <span class='ocrx_word' id='word_1_8' title='bbox 1057 287 1178 328; x_wconf 86' lang='lat' dir='ltr'><strong>ferunt,</strong></span> <span class='ocrx_word' id='word_1_9' title='bbox 1203 287 1323 320; x_wconf 85' lang='lat' dir='ltr'><strong>Plauto</strong></span> 
     </span>
     <span class='ocr_line' id='line_1_3' title="bbox 260 332 1324 381; baseline -0.001 -8"><span class='ocrx_word' id='word_1_10' title='bbox 260 343 371 373; x_wconf 86' lang='lat' dir='ltr'><strong>tamen</strong></span> <span class='ocrx_word' id='word_1_11' title='bbox 395 340 533 373; x_wconf 91' lang='lat' dir='ltr'><strong>liberum</strong></span> <span class='ocrx_word' id='word_1_12' title='bbox 556 350 596 373; x_wconf 87' lang='lat' dir='ltr'><strong>ac</strong></span> <span class='ocrx_word' id='word_1_13' title='bbox 619 340 848 381; x_wconf 76' lang='lat' dir='ltr'><strong>neglegentem</strong></span> <span class='ocrx_word' id='word_1_14' title='bbox 878 332 1058 373; x_wconf 85' lang='lat' dir='ltr'><strong>sermonem</strong></span> <span class='ocrx_word' id='word_1_15' title='bbox 1082 340 1245 381; x_wconf 89' lang='lat' dir='ltr'><strong>plebeium</strong></span> <span class='ocrx_word' id='word_1_16' title='bbox 1268 350 1324 372; x_wconf 87' lang='lat' dir='ltr'><strong>ex-</strong></span> 
     </span>
     <span class='ocr_line' id='line_1_4' title="bbox 259 393 1325 435; baseline 0 -9"><span class='ocrx_word' id='word_1_17' title='bbox 259 393 414 435; x_wconf 83' lang='lat' dir='ltr'><strong>primenti</strong></span> <span class='ocrx_word' id='word_1_18' title='bbox 430 395 546 427; x_wconf 84' lang='lat' dir='ltr'><strong>deesse</strong></span> <span class='ocrx_word' id='word_1_19' title='bbox 562 394 651 427; x_wconf 89' lang='lat' dir='ltr'><strong>inter</strong></span> <span class='ocrx_word' id='word_1_20' title='bbox 665 402 779 427; x_wconf 88' lang='lat' dir='ltr'><strong>omnes</strong></span> <span class='ocrx_word' id='word_1_21' title='bbox 794 396 938 427; x_wconf 84' lang='lat' dir='ltr'><strong>constat.</strong></span> <span class='ocrx_word' id='word_1_22' title='bbox 971 394 1021 426; x_wconf 92' lang='lat' dir='ltr'><strong>De</strong></span> <span class='ocrx_word' id='word_1_23' title='bbox 1039 393 1198 427; x_wconf 89' lang='lat' dir='ltr'><strong>eiusmodi</strong></span> <span class='ocrx_word' id='word_1_24' title='bbox 1214 396 1325 427; x_wconf 86' lang='lat' dir='ltr'><strong>autem</strong></span> 
     </span>
     <span class='ocr_line' id='line_1_5' title="bbox 261 446 1090 491; baseline 0.001 -12"><span class='ocrx_word' id='word_1_25' title='bbox 261 457 410 481; x_wconf 86' lang='lat' dir='ltr'><strong>sermone</strong></span> <span class='ocrx_word' id='word_1_26' title='bbox 432 447 590 481; x_wconf 86' lang='lat' dir='ltr'><strong>Lorentio</strong></span> <span class='ocrx_word' id='word_1_27' title='bbox 615 447 782 481; x_wconf 86' lang='lat' dir='ltr'><strong>assentior</strong></span> <span class='ocrx_word' id='word_1_28' title='bbox 805 447 852 480; x_wconf 85' lang='lat' dir='ltr'><strong>sic</strong></span> <span class='ocrx_word' id='word_1_29' title='bbox 876 446 1090 491; x_wconf 82' lang='lat' dir='ltr'><strong>iudicanti1):</strong></span> 
     </span>
    </p>

    <p class='ocr_par' dir='ltr' id='par_1_3' title="bbox 263 500 1326 812">
     <span class='ocr_line' id='line_1_6' title="bbox 351 500 1325 545; baseline 0 -10"><span class='ocrx_word' id='word_1_30' title='bbox 351 501 432 541; x_wconf 60' lang='lat' dir='ltr'><strong>„mie</strong></span> <span class='ocrx_word' id='word_1_31' title='bbox 444 501 718 545; x_wconf 64' lang='lat' dir='ltr'><strong>Umqungssipracije</strong></span> <span class='ocrx_word' id='word_1_32' title='bbox 735 500 938 545; x_wconf 68' lang='lat' dir='ltr'><strong>uufqemecfter</strong></span> <span class='ocrx_word' id='word_1_33' title='bbox 954 501 1016 535; x_wconf 76' lang='lat' dir='ltr'><strong>unb</strong></span> <span class='ocrx_word' id='word_1_34' title='bbox 1032 500 1108 544; x_wconf 60' lang='lat' dir='ltr'><strong>nicht</strong></span> <span class='ocrx_word' id='word_1_35' title='bbox 1121 500 1325 544; x_wconf 70' lang='lat' dir='ltr'><strong>ungebiffieter</strong></span> 
     </span>
     <span class='ocr_line' id='line_1_7' title="bbox 263 554 1326 598; baseline 0 -9"><span class='ocrx_word' id='word_1_36' title='bbox 263 555 442 598; x_wconf 66' lang='lat' dir='ltr'><strong>„ffllenidyen</strong></span> <span class='ocrx_word' id='word_1_37' title='bbox 473 555 614 598; x_wconf 67' lang='lat' dir='ltr'><strong>nerleibt,</strong></span> <span class='ocrx_word' id='word_1_38' title='bbox 646 555 747 598; x_wconf 59' lang='lat' dir='ltr'><strong>gamat</strong></span> <span class='ocrx_word' id='word_1_39' title='bbox 777 554 810 589; x_wconf 82' lang='lat' dir='ltr'><strong>iu</strong></span> <span class='ocrx_word' id='word_1_40' title='bbox 841 555 989 598; x_wconf 73' lang='lat' dir='ltr'><strong>hemegteu</strong></span> <span class='ocrx_word' id='word_1_41' title='bbox 1019 554 1159 594; x_wconf 59' lang='lat' dir='ltr'><strong>&amp;cenem</strong></span> <span class='ocrx_word' id='word_1_42' title='bbox 1191 564 1251 589; x_wconf 84' lang='lat' dir='ltr'><strong>nur</strong></span> <span class='ocrx_word' id='word_1_43' title='bbox 1275 555 1326 589; x_wconf 81' lang='lat' dir='ltr'><strong>ber</strong></span> 
     </span>
     <span class='ocr_line' id='line_1_8' title="bbox 263 607 1326 652; baseline 0 -10"><span class='ocrx_word' id='word_1_44' title='bbox 263 608 542 652; x_wconf 71' lang='lat' dir='ltr'><strong>„augenblitflidyen</strong></span> <span class='ocrx_word' id='word_1_45' title='bbox 567 608 726 652; x_wconf 70' lang='lat' dir='ltr'><strong>OErregung</strong></span> <span class='ocrx_word' id='word_1_46' title='bbox 750 607 913 648; x_wconf 54' lang='lat' dir='ltr'><strong>eruentus,</strong></span> <span class='ocrx_word' id='word_1_47' title='bbox 938 608 965 651; x_wconf 82' lang='lat' dir='ltr'><strong>je</strong></span> <span class='ocrx_word' id='word_1_48' title='bbox 988 608 1058 651; x_wconf 71' lang='lat' dir='ltr'><strong>aad)</strong></span> <span class='ocrx_word' id='word_1_49' title='bbox 1083 608 1138 642; x_wconf 78' lang='lat' dir='ltr'><strong>ben</strong></span> <span class='ocrx_word' id='word_1_50' title='bbox 1162 607 1195 642; x_wconf 81' lang='lat' dir='ltr'><strong>in</strong></span> <span class='ocrx_word' id='word_1_51' title='bbox 1215 607 1326 651; x_wconf 67' lang='lat' dir='ltr'><strong>ruicber</strong></span> 
     </span>
     <span class='ocr_line' id='line_1_9' title="bbox 263 661 1326 706; baseline 0 -10"><span class='ocrx_word' id='word_1_52' title='bbox 263 661 479 705; x_wconf 64' lang='lat' dir='ltr'><strong>„ffieifjenfolge</strong></span> <span class='ocrx_word' id='word_1_53' title='bbox 499 662 718 706; x_wconf 64' lang='lat' dir='ltr'><strong>auffteigenbeu</strong></span> <span class='ocrx_word' id='word_1_54' title='bbox 735 661 866 697; x_wconf 66' lang='lat' dir='ltr'><strong>{Bilbern</strong></span> <span class='ocrx_word' id='word_1_55' title='bbox 885 662 935 696; x_wconf 79' lang='lat' dir='ltr'><strong>ber</strong></span> <span class='ocrx_word' id='word_1_56' title='bbox 954 661 1238 705; x_wconf 66' lang='lat' dir='ltr'><strong>OEinhilbungsshtuft</strong></span> <span class='ocrx_word' id='word_1_57' title='bbox 1257 662 1326 696; x_wconf 74' lang='lat' dir='ltr'><strong>obet</strong></span> 
     </span>
     <span class='ocr_line' id='line_1_10' title="bbox 263 714 1326 759; baseline 0 -10"><span class='ocrx_word' id='word_1_58' title='bbox 263 715 352 758; x_wconf 71' lang='lat' dir='ltr'><strong>„narb</strong></span> <span class='ocrx_word' id='word_1_59' title='bbox 376 715 440 749; x_wconf 74' lang='lat' dir='ltr'><strong>hem</strong></span> <span class='ocrx_word' id='word_1_60' title='bbox 464 714 566 759; x_wconf 69' lang='lat' dir='ltr'><strong>idynell</strong></span> <span class='ocrx_word' id='word_1_61' title='bbox 589 715 844 759; x_wconf 70' lang='lat' dir='ltr'><strong>hobinmngenben</strong></span> <span class='ocrx_word' id='word_1_62' title='bbox 868 715 996 749; x_wconf 66' lang='lat' dir='ltr'><strong>&amp;rome</strong></span> <span class='ocrx_word' id='word_1_63' title='bbox 1020 715 1070 749; x_wconf 78' lang='lat' dir='ltr'><strong>ber</strong></span> <span class='ocrx_word' id='word_1_64' title='bbox 1095 714 1264 756; x_wconf 62' lang='grc' dir='ltr'><strong>Θεδαηῖεη,</strong></span> <span class='ocrx_word' id='word_1_65' title='bbox 1290 714 1326 758; x_wconf 66' lang='lat' dir='ltr'><strong>ist</strong></span> 
     </span>
     <span class='ocr_line' id='line_1_11' title="bbox 263 765 1135 812; baseline -0.001 -9"><span class='ocrx_word' id='word_1_66' title='bbox 263 768 344 811; x_wconf 69' lang='lat' dir='ltr'><strong>„ulio</strong></span> <span class='ocrx_word' id='word_1_67' title='bbox 368 765 427 803; x_wconf 77' lang='lat' dir='ltr'><strong>nou</strong></span> <span class='ocrx_word' id='word_1_68' title='bbox 451 768 554 812; x_wconf 68' lang='lat' dir='ltr'><strong>Iogiid)</strong></span> <span class='ocrx_word' id='word_1_69' title='bbox 579 768 700 812; x_wconf 58' lang='lat' dir='ltr'><strong>feburier</strong></span> <span class='ocrx_word' id='word_1_70' title='bbox 725 768 858 812; x_wconf 69' lang='grc' dir='ltr'><strong>ῧαῇιιης</strong></span> <span class='ocrx_word' id='word_1_71' title='bbox 882 768 952 803; x_wconf 80' lang='lat' dir='ltr'><strong>meit</strong></span> <span class='ocrx_word' id='word_1_72' title='bbox 976 768 1135 812; x_wconf 68' lang='lat' dir='ltr'><strong>entfernt.¹⁴</strong></span> 
     </span>
    </p>
   </div>
   <div class='ocr_carea' id='block_1_3' title="bbox 259 831 1329 1624">
    <p class='ocr_par' dir='ltr' id='par_1_4' title="bbox 259 831 1329 1624">
     <span class='ocr_line' id='line_1_12' title="bbox 348 831 1327 873; baseline 0 -9"><span class='ocrx_word' id='word_1_73' title='bbox 348 833 458 872; x_wconf 80' lang='lat' dir='ltr'><strong>Atque</strong></span> <span class='ocrx_word' id='word_1_74' title='bbox 481 834 656 872; x_wconf 85' lang='lat' dir='ltr'><strong>praeterea</strong></span> <span class='ocrx_word' id='word_1_75' title='bbox 685 831 853 865; x_wconf 85' lang='lat' dir='ltr'><strong>nonnullis</strong></span> <span class='ocrx_word' id='word_1_76' title='bbox 885 831 977 873; x_wconf 81' lang='lat' dir='ltr'><strong>locis,</strong></span> <span class='ocrx_word' id='word_1_77' title='bbox 1011 841 1147 872; x_wconf 89' lang='lat' dir='ltr'><strong>quorum</strong></span> <span class='ocrx_word' id='word_1_78' title='bbox 1178 833 1327 872; x_wconf 82' lang='lat' dir='ltr'><strong>tempora</strong></span> 
     </span>
     <span class='ocr_line' id='line_1_13' title="bbox 260 884 1325 927; baseline 0 -9"><span class='ocrx_word' id='word_1_79' title='bbox 260 885 335 918; x_wconf 87' lang='lat' dir='ltr'><strong>usui</strong></span> <span class='ocrx_word' id='word_1_80' title='bbox 358 888 553 926; x_wconf 77' lang='lat' dir='ltr'><strong>repugnant,</strong></span> <span class='ocrx_word' id='word_1_81' title='bbox 578 885 675 918; x_wconf 87' lang='lat' dir='ltr'><strong>metri</strong></span> <span class='ocrx_word' id='word_1_82' title='bbox 698 885 827 927; x_wconf 86' lang='lat' dir='ltr'><strong>legibus</strong></span> <span class='ocrx_word' id='word_1_83' title='bbox 860 886 976 918; x_wconf 90' lang='lat' dir='ltr'><strong>cedere</strong></span> <span class='ocrx_word' id='word_1_84' title='bbox 1007 887 1140 926; x_wconf 88' lang='lat' dir='ltr'><strong>poetam</strong></span> <span class='ocrx_word' id='word_1_85' title='bbox 1163 884 1325 918; x_wconf 87' lang='lat' dir='ltr'><strong>existimo.</strong></span> 
     </span>
     <span class='ocr_line' id='line_1_14' title="bbox 260 938 1327 982; baseline 0 -11"><span class='ocrx_word' id='word_1_86' title='bbox 260 940 343 972; x_wconf 82' lang='lat' dir='ltr'><strong>Nam</strong></span> <span class='ocrx_word' id='word_1_87' title='bbox 366 939 428 972; x_wconf 90' lang='lat' dir='ltr'><strong>hoc</strong></span> <span class='ocrx_word' id='word_1_88' title='bbox 457 939 579 972; x_wconf 86' lang='lat' dir='ltr'><strong>Rothio</strong></span> <span class='ocrx_word' id='word_1_89' title='bbox 614 938 657 981; x_wconf 92' lang='lat' dir='ltr'><strong>(p.</strong></span> <span class='ocrx_word' id='word_1_90' title='bbox 682 939 738 982; x_wconf 79' lang='lat'><strong>25)</strong></span> <span class='ocrx_word' id='word_1_91' title='bbox 772 939 914 972; x_wconf 85' lang='lat' dir='ltr'><strong>concedo</strong></span> <span class='ocrx_word' id='word_1_92' title='bbox 954 938 1167 981; x_wconf 82' lang='lat' dir='ltr'><strong>„Homericos</strong></span> <span class='ocrx_word' id='word_1_93' title='bbox 1198 938 1327 978; x_wconf 87' lang='lat' dir='ltr'><strong>quidem</strong></span> 
     </span>
     <span class='ocr_line' id='line_1_15' title="bbox 262 991 1326 1034; baseline -0.001 -9"><span class='ocrx_word' id='word_1_94' title='bbox 262 995 398 1034; x_wconf 85' lang='lat' dir='ltr'><strong>„poetas</strong></span> <span class='ocrx_word' id='word_1_95' title='bbox 422 992 484 1025; x_wconf 89' lang='lat' dir='ltr'><strong>sibi</strong></span> <span class='ocrx_word' id='word_1_96' title='bbox 500 992 677 1025; x_wconf 88' lang='lat' dir='ltr'><strong>indulsisse</strong></span> <span class='ocrx_word' id='word_1_97' title='bbox 693 1002 758 1025; x_wconf 90' lang='lat' dir='ltr'><strong>non</strong></span> <span class='ocrx_word' id='word_1_98' title='bbox 774 993 939 1033; x_wconf 89' lang='lat' dir='ltr'><strong>putandos</strong></span> <span class='ocrx_word' id='word_1_99' title='bbox 955 1001 1039 1034; x_wconf 87' lang='lat' dir='ltr'><strong>esse,</strong></span> <span class='ocrx_word' id='word_1_100' title='bbox 1056 994 1094 1025; x_wconf 88' lang='lat' dir='ltr'><strong>ut</strong></span> <span class='ocrx_word' id='word_1_101' title='bbox 1109 991 1207 1024; x_wconf 87' lang='lat' dir='ltr'><strong>metri</strong></span> <span class='ocrx_word' id='word_1_102' title='bbox 1223 1001 1326 1025; x_wconf 89' lang='lat' dir='ltr'><strong>causa</strong></span> 
     </span>
     <span class='ocr_line' id='line_1_16' title="bbox 262 1045 1328 1088; baseline 0.001 -10"><span class='ocrx_word' id='word_1_103' title='bbox 262 1055 387 1088; x_wconf 86' lang='lat' dir='ltr'><strong>„novas</strong></span> <span class='ocrx_word' id='word_1_104' title='bbox 418 1046 541 1079; x_wconf 86' lang='lat' dir='ltr'><strong>formas</strong></span> <span class='ocrx_word' id='word_1_105' title='bbox 572 1047 736 1088; x_wconf 86' lang='lat' dir='ltr'><strong>fingerent</strong></span> <span class='ocrx_word' id='word_1_106' title='bbox 767 1049 802 1079; x_wconf 87' lang='lat' dir='ltr'><strong>et</strong></span> <span class='ocrx_word' id='word_1_107' title='bbox 831 1045 865 1078; x_wconf 93' lang='lat' dir='ltr'><strong>in</strong></span> <span class='ocrx_word' id='word_1_108' title='bbox 895 1055 989 1079; x_wconf 91' lang='lat' dir='ltr'><strong>usum</strong></span> <span class='ocrx_word' id='word_1_109' title='bbox 1019 1045 1236 1087; x_wconf 78' lang='lat' dir='ltr'><strong>reciperent“,</strong></span> <span class='ocrx_word' id='word_1_110' title='bbox 1270 1047 1328 1079; x_wconf 91' lang='lat' dir='ltr'><strong>sed</strong></span> 
     </span>
     <span class='ocr_line' id='line_1_17' title="bbox 260 1099 1328 1141; baseline 0 -8"><span class='ocrx_word' id='word_1_111' title='bbox 260 1102 418 1141; x_wconf 87' lang='lat' dir='ltr'><strong>quantum</strong></span> <span class='ocrx_word' id='word_1_112' title='bbox 434 1110 455 1133; x_wconf 90' lang='lat' dir='ltr'><strong>a</strong></span> <span class='ocrx_word' id='word_1_113' title='bbox 469 1100 599 1133; x_wconf 85' lang='lat' dir='ltr'><strong>Graeca</strong></span> <span class='ocrx_word' id='word_1_114' title='bbox 610 1099 856 1133; x_wconf 89' lang='lat' dir='ltr'><strong>Homericorum</strong></span> <span class='ocrx_word' id='word_1_115' title='bbox 878 1099 1079 1140; x_wconf 81' lang='lat' dir='ltr'><strong>temporibus</strong></span> <span class='ocrx_word' id='word_1_116' title='bbox 1094 1099 1208 1140; x_wconf 88' lang='lat' dir='ltr'><strong>lingua</strong></span> <span class='ocrx_word' id='word_1_117' title='bbox 1224 1100 1328 1133; x_wconf 85' lang='lat' dir='ltr'><strong>distat</strong></span> 
     </span>
     <span class='ocr_line' id='line_1_18' title="bbox 259 1152 1328 1187; baseline -0.001 -1"><span class='ocrx_word' id='word_1_118' title='bbox 259 1153 384 1186; x_wconf 86' lang='lat' dir='ltr'><strong>Latina</strong></span> <span class='ocrx_word' id='word_1_119' title='bbox 399 1153 512 1187; x_wconf 87' lang='lat' dir='ltr'><strong>Plauti</strong></span> <span class='ocrx_word' id='word_1_120' title='bbox 528 1153 670 1187; x_wconf 86' lang='lat' dir='ltr'><strong>aetatis!</strong></span> <span class='ocrx_word' id='word_1_121' title='bbox 717 1153 783 1186; x_wconf 84' lang='lat' dir='ltr'><strong>Illa</strong></span> <span class='ocrx_word' id='word_1_122' title='bbox 803 1153 889 1186; x_wconf 89' lang='lat' dir='ltr'><strong>enim</strong></span> <span class='ocrx_word' id='word_1_123' title='bbox 905 1156 1026 1186; x_wconf 79' lang='lat' dir='ltr'><strong>natura</strong></span> <span class='ocrx_word' id='word_1_124' title='bbox 1042 1153 1108 1185; x_wconf 87' lang='lat' dir='ltr'><strong>iam</strong></span> <span class='ocrx_word' id='word_1_125' title='bbox 1123 1152 1328 1186; x_wconf 89' lang='lat' dir='ltr'><strong>numerosior</strong></span> 
     </span>
     <span class='ocr_line' id='line_1_19' title="bbox 260 1206 1329 1248; baseline -0.002 -8"><span class='ocrx_word' id='word_1_126' title='bbox 260 1209 359 1248; x_wconf 86' lang='lat' dir='ltr'><strong>atque</strong></span> <span class='ocrx_word' id='word_1_127' title='bbox 382 1207 514 1240; x_wconf 91' lang='lat' dir='ltr'><strong>mollior</strong></span> <span class='ocrx_word' id='word_1_128' title='bbox 546 1207 655 1248; x_wconf 87' lang='lat' dir='ltr'><strong>poesis</strong></span> <span class='ocrx_word' id='word_1_129' title='bbox 688 1207 779 1240; x_wconf 85' lang='lat' dir='ltr'><strong>cultu</strong></span> <span class='ocrx_word' id='word_1_130' title='bbox 807 1207 863 1248; x_wconf 88' lang='lat' dir='ltr'><strong>qui</strong></span> <span class='ocrx_word' id='word_1_131' title='bbox 892 1206 1077 1240; x_wconf 83' lang='lat' dir='ltr'><strong>Homericis</strong></span> <span class='ocrx_word' id='word_1_132' title='bbox 1100 1209 1329 1239; x_wconf 80' lang='lat' dir='ltr'><strong>antecesserat</strong></span> 
     </span>
     <span class='ocr_line' id='line_1_20' title="bbox 260 1260 1327 1302; baseline -0.002 -8"><span class='ocrx_word' id='word_1_133' title='bbox 260 1261 417 1301; x_wconf 88' lang='lat' dir='ltr'><strong>cuiusque</strong></span> <span class='ocrx_word' id='word_1_134' title='bbox 440 1260 584 1302; x_wconf 87' lang='lat' dir='ltr'><strong>vestigia</strong></span> <span class='ocrx_word' id='word_1_135' title='bbox 608 1260 794 1293; x_wconf 88' lang='lat' dir='ltr'><strong>nominibus</strong></span> <span class='ocrx_word' id='word_1_136' title='bbox 822 1260 953 1301; x_wconf 88' lang='lat' dir='ltr'><strong>Orphei,</strong></span> <span class='ocrx_word' id='word_1_137' title='bbox 984 1260 1168 1302; x_wconf 83' lang='lat' dir='ltr'><strong>ThamyriS,</strong></span> <span class='ocrx_word' id='word_1_138' title='bbox 1197 1260 1327 1293; x_wconf 86' lang='lat' dir='ltr'><strong>Musaei</strong></span> 
     </span>
     <span class='ocr_line' id='line_1_21' title="bbox 259 1312 1326 1355; baseline -0.001 -8"><span class='ocrx_word' id='word_1_139' title='bbox 259 1314 414 1355; x_wconf 88' lang='lat' dir='ltr'><strong>Eumolpi</strong></span> <span class='ocrx_word' id='word_1_140' title='bbox 438 1312 640 1355; x_wconf 88' lang='lat' dir='ltr'><strong>aliorumque</strong></span> <span class='ocrx_word' id='word_1_141' title='bbox 664 1316 803 1355; x_wconf 81' lang='lat' dir='ltr'><strong>restant,</strong></span> <span class='ocrx_word' id='word_1_142' title='bbox 836 1314 951 1347; x_wconf 88' lang='lat' dir='ltr'><strong>metris</strong></span> <span class='ocrx_word' id='word_1_143' title='bbox 974 1316 1048 1347; x_wconf 92' lang='lat' dir='ltr'><strong>erat</strong></span> <span class='ocrx_word' id='word_1_144' title='bbox 1071 1314 1326 1355; x_wconf 82' lang='lat' dir='ltr'><strong>accommodata,</strong></span> 
     </span>
     <span class='ocr_line' id='line_1_22' title="bbox 261 1367 1325 1409; baseline -0.001 -9"><span class='ocrx_word' id='word_1_145' title='bbox 261 1368 344 1401; x_wconf 87' lang='lat' dir='ltr'><strong>haec</strong></span> <span class='ocrx_word' id='word_1_146' title='bbox 367 1370 489 1401; x_wconf 88' lang='lat' dir='ltr'><strong>natura</strong></span> <span class='ocrx_word' id='word_1_147' title='bbox 512 1368 626 1409; x_wconf 88' lang='lat' dir='ltr'><strong>gravis</strong></span> <span class='ocrx_word' id='word_1_148' title='bbox 649 1370 685 1401; x_wconf 87' lang='lat' dir='ltr'><strong>et</strong></span> <span class='ocrx_word' id='word_1_149' title='bbox 707 1368 789 1401; x_wconf 89' lang='lat' dir='ltr'><strong>dura</strong></span> <span class='ocrx_word' id='word_1_150' title='bbox 812 1367 940 1401; x_wconf 86' lang='lat' dir='ltr'><strong>inculta</strong></span> <span class='ocrx_word' id='word_1_151' title='bbox 955 1368 1025 1401; x_wconf 89' lang='lat' dir='ltr'><strong>fere</strong></span> <span class='ocrx_word' id='word_1_152' title='bbox 1041 1367 1133 1408; x_wconf 91' lang='lat' dir='ltr'><strong>poesi</strong></span> <span class='ocrx_word' id='word_1_153' title='bbox 1149 1370 1325 1400; x_wconf 83' lang='lat' dir='ltr'><strong>manserat.</strong></span> 
     </span>
     <span class='ocr_line' id='line_1_23' title="bbox 260 1421 1328 1463; baseline -0.002 -8"><span class='ocrx_word' id='word_1_154' title='bbox 260 1423 374 1462; x_wconf 87' lang='lat' dir='ltr'><strong>Neque</strong></span> <span class='ocrx_word' id='word_1_155' title='bbox 397 1421 479 1455; x_wconf 89' lang='lat' dir='ltr'><strong>illud</strong></span> <span class='ocrx_word' id='word_1_156' title='bbox 502 1422 597 1462; x_wconf 87' lang='lat' dir='ltr'><strong>parvi</strong></span> <span class='ocrx_word' id='word_1_157' title='bbox 625 1421 811 1455; x_wconf 86' lang='lat' dir='ltr'><strong>faciendum</strong></span> <span class='ocrx_word' id='word_1_158' title='bbox 842 1430 914 1454; x_wconf 89' lang='lat' dir='ltr'><strong>esse</strong></span> <span class='ocrx_word' id='word_1_159' title='bbox 945 1421 1097 1463; x_wconf 84' lang='lat' dir='ltr'><strong>arbitror,</strong></span> <span class='ocrx_word' id='word_1_160' title='bbox 1129 1421 1224 1462; x_wconf 83' lang='lat' dir='ltr'><strong>quod,</strong></span> <span class='ocrx_word' id='word_1_161' title='bbox 1257 1430 1328 1453; x_wconf 86' lang='lat' dir='ltr'><strong>eum</strong></span> 
     </span>
     <span class='ocr_line' id='line_1_24' title="bbox 261 1475 1328 1522; baseline -0.001 -14"><span class='ocrx_word' id='word_1_162' title='bbox 261 1475 312 1508; x_wconf 91' lang='lat' dir='ltr'><strong>illi</strong></span> <span class='ocrx_word' id='word_1_163' title='bbox 343 1478 462 1517; x_wconf 90' lang='lat' dir='ltr'><strong>poetae</strong></span> <span class='ocrx_word' id='word_1_164' title='bbox 495 1475 610 1508; x_wconf 90' lang='lat' dir='ltr'><strong>metris</strong></span> <span class='ocrx_word' id='word_1_165' title='bbox 640 1485 681 1508; x_wconf 85' lang='lat' dir='ltr'><strong>ex</strong></span> <span class='ocrx_word' id='word_1_166' title='bbox 712 1485 790 1508; x_wconf 87' lang='lat' dir='ltr'><strong>suae</strong></span> <span class='ocrx_word' id='word_1_167' title='bbox 820 1475 954 1517; x_wconf 89' lang='lat' dir='ltr'><strong>linguae</strong></span> <span class='ocrx_word' id='word_1_168' title='bbox 984 1475 1094 1522; x_wconf 80' lang='lat' dir='ltr'><strong>indole</strong></span> <span class='ocrx_word' id='word_1_169' title='bbox 1124 1485 1164 1508; x_wconf 89' lang='lat' dir='ltr'><strong>ac</strong></span> <span class='ocrx_word' id='word_1_170' title='bbox 1193 1484 1328 1507; x_wconf 86' lang='lat' dir='ltr'><strong>numero</strong></span> 
     </span>
     <span class='ocr_line' id='line_1_25' title="bbox 262 1527 1329 1570; baseline -0.002 -8"><span class='ocrx_word' id='word_1_171' title='bbox 262 1529 345 1562; x_wconf 83' lang='lat' dir='ltr'><strong>ortis</strong></span> <span class='ocrx_word' id='word_1_172' title='bbox 368 1529 420 1562; x_wconf 92' lang='lat' dir='ltr'><strong>usi</strong></span> <span class='ocrx_word' id='word_1_173' title='bbox 444 1529 520 1570; x_wconf 87' lang='lat' dir='ltr'><strong>sint,</strong></span> <span class='ocrx_word' id='word_1_174' title='bbox 545 1528 660 1562; x_wconf 86' lang='lat' dir='ltr'><strong>Latini</strong></span> <span class='ocrx_word' id='word_1_175' title='bbox 683 1532 802 1570; x_wconf 88' lang='lat' dir='ltr'><strong>poetae</strong></span> <span class='ocrx_word' id='word_1_176' title='bbox 825 1529 926 1570; x_wconf 87' lang='lat' dir='ltr'><strong>prisci</strong></span> <span class='ocrx_word' id='word_1_177' title='bbox 949 1529 1060 1562; x_wconf 88' lang='lat' dir='ltr'><strong>aliena</strong></span> <span class='ocrx_word' id='word_1_178' title='bbox 1083 1528 1178 1569; x_wconf 84' lang='lat' dir='ltr'><strong>quasi</strong></span> <span class='ocrx_word' id='word_1_179' title='bbox 1195 1527 1329 1562; x_wconf 87' lang='lat' dir='ltr'><strong>vincula</strong></span> 
     </span>
     <span class='ocr_line' id='line_1_26' title="bbox 262 1583 612 1624; baseline 0 -9"><span class='ocrx_word' id='word_1_180' title='bbox 262 1583 396 1624; x_wconf 88' lang='lat' dir='ltr'><strong>linguae</strong></span> <span class='ocrx_word' id='word_1_181' title='bbox 420 1583 612 1616; x_wconf 86' lang='lat' dir='ltr'><strong>iniecerunt.</strong></span> 
     </span>
    </p>
   </div>
   <div class='ocr_carea' id='block_1_4' title="bbox 262 1644 1331 2008">
    <p class='ocr_par' dir='ltr' id='par_1_5' title="bbox 262 1644 1331 2008">
     <span class='ocr_line' id='line_1_27' title="bbox 350 1644 1329 1686; baseline -0.002 -8"><span class='ocrx_word' id='word_1_182' title='bbox 350 1645 510 1679; x_wconf 86' lang='lat' dir='ltr'><strong>Maiorem</strong></span> <span class='ocrx_word' id='word_1_183' title='bbox 533 1645 672 1686; x_wconf 88' lang='lat' dir='ltr'><strong>denique</strong></span> <span class='ocrx_word' id='word_1_184' title='bbox 696 1646 877 1679; x_wconf 87' lang='lat' dir='ltr'><strong>utilitatem</strong></span> <span class='ocrx_word' id='word_1_185' title='bbox 896 1646 1018 1678; x_wconf 85' lang='lat' dir='ltr'><strong>habere</strong></span> <span class='ocrx_word' id='word_1_186' title='bbox 1036 1645 1167 1679; x_wconf 90' lang='lat' dir='ltr'><strong>videtur</strong></span> <span class='ocrx_word' id='word_1_187' title='bbox 1186 1644 1265 1677; x_wconf 91' lang='lat' dir='ltr'><strong>mihi</strong></span> <span class='ocrx_word' id='word_1_188' title='bbox 1289 1653 1329 1676; x_wconf 89' lang='lat' dir='ltr'><strong>ea</strong></span> 
     </span>
     <span class='ocr_line' id='line_1_28' title="bbox 262 1697 1329 1740; baseline -0.002 -8"><span class='ocrx_word' id='word_1_189' title='bbox 262 1699 348 1732; x_wconf 89' lang='lat' dir='ltr'><strong>ratio</strong></span> <span class='ocrx_word' id='word_1_190' title='bbox 372 1709 437 1740; x_wconf 86' lang='lat' dir='ltr'><strong>qua</strong></span> <span class='ocrx_word' id='word_1_191' title='bbox 460 1709 544 1740; x_wconf 87' lang='lat' dir='ltr'><strong>quae</strong></span> <span class='ocrx_word' id='word_1_192' title='bbox 568 1699 636 1732; x_wconf 88' lang='lat' dir='ltr'><strong>sint</strong></span> <span class='ocrx_word' id='word_1_193' title='bbox 658 1700 746 1740; x_wconf 87' lang='lat' dir='ltr'><strong>apud</strong></span> <span class='ocrx_word' id='word_1_194' title='bbox 767 1699 922 1732; x_wconf 87' lang='lat' dir='ltr'><strong>Plautum</strong></span> <span class='ocrx_word' id='word_1_195' title='bbox 953 1702 988 1732; x_wconf 90' lang='lat' dir='ltr'><strong>et</strong></span> <span class='ocrx_word' id='word_1_196' title='bbox 1018 1697 1216 1732; x_wconf 85' lang='lat' dir='ltr'><strong>Terentium</strong></span> <span class='ocrx_word' id='word_1_197' title='bbox 1238 1699 1329 1739; x_wconf 90' lang='lat' dir='ltr'><strong>leges</strong></span> 
     </span>
     <span class='ocr_line' id='line_1_29' title="bbox 263 1752 1329 1794; baseline -0.001 -8"><span class='ocrx_word' id='word_1_198' title='bbox 263 1752 506 1786; x_wconf 82' lang='lat' dir='ltr'><strong>consecutionis</strong></span> <span class='ocrx_word' id='word_1_199' title='bbox 529 1755 718 1794; x_wconf 87' lang='lat' dir='ltr'><strong>temporum·</strong></span> <span class='ocrx_word' id='word_1_200' title='bbox 741 1762 779 1785; x_wconf 89' lang='lat' dir='ltr'><strong>eo</strong></span> <span class='ocrx_word' id='word_1_201' title='bbox 805 1753 918 1786; x_wconf 88' lang='lat' dir='ltr'><strong>ordine</strong></span> <span class='ocrx_word' id='word_1_202' title='bbox 950 1753 1148 1794; x_wconf 83' lang='lat' dir='ltr'><strong>explanatur</strong></span> <span class='ocrx_word' id='word_1_203' title='bbox 1177 1762 1271 1793; x_wconf 91' lang='lat' dir='ltr'><strong>quem</strong></span> <span class='ocrx_word' id='word_1_204' title='bbox 1295 1752 1329 1785; x_wconf 90' lang='lat' dir='ltr'><strong>in</strong></span> 
     </span>
     <span class='ocr_line' id='line_1_30' title="bbox 263 1806 1330 1848; baseline -0.002 -8"><span class='ocrx_word' id='word_1_205' title='bbox 263 1806 452 1840; x_wconf 87' lang='lat' dir='ltr'><strong>universum</strong></span> <span class='ocrx_word' id='word_1_206' title='bbox 468 1806 674 1848; x_wconf 84' lang='lat' dir='ltr'><strong>grammatici</strong></span> <span class='ocrx_word' id='word_1_207' title='bbox 691 1816 824 1841; x_wconf 86' lang='lat' dir='ltr'><strong>servare</strong></span> <span class='ocrx_word' id='word_1_208' title='bbox 842 1807 959 1840; x_wconf 89' lang='lat' dir='ltr'><strong>solent.</strong></span> <span class='ocrx_word' id='word_1_209' title='bbox 996 1807 1068 1840; x_wconf 87' lang='lat' dir='ltr'><strong>Hoc</strong></span> <span class='ocrx_word' id='word_1_210' title='bbox 1084 1807 1178 1839; x_wconf 89' lang='lat' dir='ltr'><strong>modo</strong></span> <span class='ocrx_word' id='word_1_211' title='bbox 1196 1816 1236 1839; x_wconf 85' lang='lat' dir='ltr'><strong>ea</strong></span> <span class='ocrx_word' id='word_1_212' title='bbox 1252 1815 1330 1847; x_wconf 90' lang='lat' dir='ltr'><strong>pars</strong></span> 
     </span>
     <span class='ocr_line' id='line_1_31' title="bbox 263 1859 1331 1902; baseline -0.001 -10"><span class='ocrx_word' id='word_1_213' title='bbox 263 1860 411 1893; x_wconf 89' lang='lat' dir='ltr'><strong>Plautini</strong></span> <span class='ocrx_word' id='word_1_214' title='bbox 435 1863 470 1893; x_wconf 87' lang='lat' dir='ltr'><strong>et</strong></span> <span class='ocrx_word' id='word_1_215' title='bbox 493 1860 686 1893; x_wconf 88' lang='lat' dir='ltr'><strong>Terentiani</strong></span> <span class='ocrx_word' id='word_1_216' title='bbox 708 1861 840 1902; x_wconf 86' lang='lat' dir='ltr'><strong>generis</strong></span> <span class='ocrx_word' id='word_1_217' title='bbox 870 1860 999 1894; x_wconf 76' lang='lat' dir='ltr'><strong>dicendi</strong></span> <span class='ocrx_word' id='word_1_218' title='bbox 1030 1863 1103 1893; x_wconf 86' lang='lat' dir='ltr'><strong>tota</strong></span> <span class='ocrx_word' id='word_1_219' title='bbox 1132 1859 1331 1900; x_wconf 88' lang='lat' dir='ltr'><strong>perspicitur</strong></span> 
     </span>
     <span class='ocr_line' id='line_1_32' title="bbox 264 1909 1330 1955; baseline -0.001 -9"><span class='ocrx_word' id='word_1_220' title='bbox 264 1917 299 1946; x_wconf 88' lang='lat' dir='ltr'><strong>et</strong></span> <span class='ocrx_word' id='word_1_221' title='bbox 321 1914 480 1954; x_wconf 89' lang='lat' dir='ltr'><strong>quomodo</strong></span> <span class='ocrx_word' id='word_1_222' title='bbox 506 1914 672 1955; x_wconf 88' lang='lat' dir='ltr'><strong>discrepet</strong></span> <span class='ocrx_word' id='word_1_223' title='bbox 695 1924 767 1947; x_wconf 91' lang='lat' dir='ltr'><strong>cum</strong></span> <span class='ocrx_word' id='word_1_224' title='bbox 790 1914 974 1955; x_wconf 86' lang='lat' dir='ltr'><strong>posteriore</strong></span> <span class='ocrx_word' id='word_1_225' title='bbox 997 1922 1059 1946; x_wconf 90' lang='lat' dir='ltr'><strong>usu</strong></span> <span class='ocrx_word' id='word_1_226' title='bbox 1082 1909 1259 1946; x_wconf 79' lang='lat' dir='ltr'><strong>dilucidius</strong></span> <span class='ocrx_word' id='word_1_227' title='bbox 1279 1912 1330 1945; x_wconf 89' lang='lat' dir='ltr'><strong>in-</strong></span> 
     </span>
     <span class='ocr_line' id='line_1_33' title="bbox 264 1967 444 2008; baseline -0.006 -8"><span class='ocrx_word' id='word_1_228' title='bbox 264 1967 444 2008; x_wconf 85' lang='lat' dir='ltr'><strong>tellegitur.</strong></span> 
     </span>
    </p>
   </div>
   <div class='ocr_carea' id='block_1_5' title="bbox 265 2041 478 2044">
    <p class='ocr_par' dir='ltr' id='par_1_6' title="bbox 265 2041 478 2044">
     <span class='ocr_line' id='line_1_34' title="bbox 265 2041 478 2044; baseline 0 0"><span class='ocrx_word' id='word_1_229' title='bbox 265 2041 478 2044; x_wconf 95' lang='lat' dir='ltr'><strong> </strong></span> 
     </span>
    </p>
   </div>
   <div class='ocr_carea' id='block_1_6' title="bbox 284 2072 1329 2155">
    <p class='ocr_par' dir='ltr' id='par_1_7' title="bbox 284 2072 1329 2155">
     <span class='ocr_line' id='line_1_35' title="bbox 284 2072 1329 2110; baseline -0.002 -8"><span class='ocrx_word' id='word_1_230' title='bbox 284 2076 303 2109; x_wconf 84' lang='lat'><strong>¹)</strong></span> <span class='ocrx_word' id='word_1_231' title='bbox 321 2074 530 2110; x_wconf 54' lang='lat' dir='ltr'><strong>SubreQBeridjt</strong></span> <span class='ocrx_word' id='word_1_232' title='bbox 549 2075 616 2103; x_wconf 73' lang='lat' dir='ltr'><strong>iiber</strong></span> <span class='ocrx_word' id='word_1_233' title='bbox 636 2075 659 2102; x_wconf 78' lang='lat' dir='ltr'><strong>b.</strong></span> <span class='ocrx_word' id='word_1_234' title='bbox 681 2074 812 2109; x_wconf 63' lang='grc' dir='ltr'><strong>ῧοτῐῐεῇϊ.</strong></span> <span class='ocrx_word' id='word_1_235' title='bbox 834 2074 880 2102; x_wconf 72' lang='lat' dir='ltr'><strong>her</strong></span> <span class='ocrx_word' id='word_1_236' title='bbox 900 2073 968 2108; x_wconf 62' lang='lat' dir='ltr'><strong>Hali.</strong></span> <span class='ocrx_word' id='word_1_237' title='bbox 990 2072 1329 2108; x_wconf 65' lang='lat' dir='ltr'><strong>wrettumssmiiienidyuft,</strong></span> 
     </span>
     <span class='ocr_line' id='line_1_36' title="bbox 326 2119 815 2155; baseline 0.002 -10"><span class='ocrx_word' id='word_1_238' title='bbox 326 2120 378 2147; x_wconf 90' lang='lat' dir='ltr'><strong>vol.</strong></span> <span class='ocrx_word' id='word_1_239' title='bbox 397 2120 436 2147; x_wconf 90' lang='lat' dir='ltr'><strong>VI</strong></span> <span class='ocrx_word' id='word_1_240' title='bbox 455 2125 487 2153; x_wconf 70' lang='lat' dir='ltr'><strong>(a.</strong></span> <span class='ocrx_word' id='word_1_241' title='bbox 509 2121 588 2154; x_wconf 84' lang='lat'>1876)</span> <span class='ocrx_word' id='word_1_242' title='bbox 608 2128 665 2155; x_wconf 86' lang='lat' dir='ltr'><strong>par.</strong></span> <span class='ocrx_word' id='word_1_243' title='bbox 685 2121 709 2153; x_wconf 84' lang='lat'><strong>2,</strong></span> <span class='ocrx_word' id='word_1_244' title='bbox 726 2128 752 2155; x_wconf 91' lang='lat' dir='ltr'><strong>p.</strong></span> <span class='ocrx_word' id='word_1_245' title='bbox 774 2119 815 2147; x_wconf 87' lang='lat'><strong>18.</strong></span> 
     </span>
    </p>
   </div>
  </div>
 </body>
</html>
