1588 2463
761 173 803 205 19

292 270 358 302 Ter
379 269 464 302 Eun.
489 270 531 303 96
556 278 620 312 sq.:
645 269 718 303 Non
734 269 798 310 pol,
823 279 886 312 quo
904 279 1100 312 quemquam
1116 270 1190 311 plus
1213 281 1314 314 amem

905 326 964 357 aut
986 323 1060 365 plus
1083 324 1225 365 diliqum,

701 377 752 410 Eo
776 377 850 410 feci.

293 440 414 472 Heaut.
440 439 504 472 527
530 448 593 482 sq.:
619 442 655 472 at
677 439 771 482 quasi
795 439 825 472 is
848 448 913 472 non
937 439 1028 472 ditiis

439 493 598 533 Abundet,
623 495 745 534 gnatus
768 493 840 526 eius
863 492 1010 534 profugit
1032 492 1153 533 inopia.

294 555 375 588 Hec.
404 556 470 588 683
501 564 566 598 sq.:
613 555 799 598 Aliquando
839 557 972 589 tandem
1009 556 1073 589 huc
1102 556 1245 589 animum
1279 559 1318 589 ut

943 611 1103 652 adiunyas
1125 612 1225 651 tuom,

440 663 545 704 Quam
568 663 702 704 longum
726 664 869 704 spatium
893 690 899 696 .
925 689 931 696 .
960 690 966 697 .
992 690 998 696 .
1025 663 1085 696 tibi
1107 663 1195 697 dedi!

292 717 385 750 Haec
408 716 558 757 exempla
581 717 819 758 demonstrant,
843 717 905 750 hoc
927 726 1057 759 quoque
1082 717 1155 750 loco

292 770 342 804 ΡΙ.
367 771 453 803 Men.
480 771 583 804 1057:
608 770 869 803 Praecucurristi
886 770 1026 812 obviam,
1050 773 1089 803 ut
1104 780 1189 813 quae
1207 771 1318 804 fecisti

1004 825 1144 858 infitias
1164 836 1227 866 eas,

250 881 381 919 poetam
416 887 482 910 non
517 880 621 911 metro
657 880 807 911 coactum
845 887 1003 919 praesens
1042 879 1240 920 adhibuisse,
1279 882 1318 912 ut

248 932 383 965 Brixius
406 932 448 965 ad
479 932 566 965 hunc
587 941 719 966 versum
742 932 988 974 animadvertit,
1014 933 1072 966 sed
1095 933 1136 965 ab
1166 942 1228 966 usu
1252 942 1317 965 non

250 985 444 1019 discessisse
468 994 551 1027 eum,
576 985 654 1028 quia
677 985 764 1018 actio
788 985 954 1019 infitiandi
976 995 1063 1019 nuno
1085 987 1131 1019 fit.

338 1049 424 1082 Sunt
453 1048 519 1082 loci
549 1048 667 1091 quibus
695 1048 845 1090 Plautus,
877 1049 933 1091 qui
961 1049 1121 1082 sermonis
1153 1050 1319 1083 concinni-

252 1104 357 1135 tatem
379 1111 445 1135 non
468 1105 572 1144 petat,
603 1102 637 1135 in
661 1103 845 1136 enuntiatis
868 1103 910 1136 ab
934 1103 1038 1135 eodem
1060 1104 1152 1136 verbo
1175 1105 1319 1145 penden-

249 1156 339 1190 tibus
354 1157 449 1190 modo
466 1157 509 1190 ad
520 1156 618 1189 huius
632 1156 725 1190 verbi
740 1156 957 1198 praeteritum
974 1159 1103 1198 tempus
1120 1158 1320 1191 sententiam

249 1219 411 1244 revocans
444 1210 670 1252 imperfectum
706 1213 817 1252 ponat,
857 1211 953 1243 modo
987 1211 1030 1244 ad
1063 1220 1222 1252 praesens
1256 1222 1319 1254 quo

254 1264 420 1298 sententia
443 1264 535 1298 valet
558 1267 713 1306 spectans
736 1264 904 1306 praesenti
927 1267 1057 1297 utatur:

295 1327 415 1360 Bacch.
436 1327 501 1361 352
515 1335 580 1369 sq.:
598 1327 653 1360 Ita
665 1326 739 1368 feci,
752 1330 790 1360 ut
802 1327 875 1360 auri
887 1330 1045 1370 quantum
1060 1327 1165 1361 vellet
1175 1331 1318 1369 sumeret,

434 1380 601 1422 Quantum
617 1382 728 1413 autem
744 1380 858 1414 lubeat
875 1381 1012 1414 reddere
1024 1381 1072 1414 'ut
1090 1381 1203 1414 reddat
1220 1381 1317 1422 patri.

294 1441 414 1474 Bacch.
428 1443 492 1475 689
505 1451 568 1484 sq.:
583 1443 666 1475 Mn.:
680 1442 752 1484 Ego
769 1445 896 1484 patrem
913 1443 1048 1477 exoravi
1073 1470 1079 1477 .
1105 1470 1112 1477 .

682 1496 756 1529 Chr.
765 1507 772 1529 ε
786 1497 908 1538 Nempe
921 1506 999 1539 ergo
1010 1498 1072 1530 hoc
1079 1500 1118 1530 ut
1127 1497 1258 1538 faceret.
1268 1524 1274 1530 .
1285 1524 1290 1530 .
1302 1498 1319 1530 5>

578 1550 661 1582 Mn.:
682 1549 784 1583 Immo
820 1550 881 1583 tibi
920 1560 961 1584 ne
999 1553 1111 1584 noceat
1147 1561 1211 1585 neu
1243 1577 1249 1584 .
1276 1577 1282 1584 .
1310 1577 1316 1584 .

1004 1607 1192 1638 succenseat.
1207 1605 1229 1648 ¹)

271 1710 291 1745 ¹)
324 1710 354 1737 C.
389 1710 479 1737 Rothe
510 1710 537 1745 (1.
572 1719 593 1737 c,
618 1719 644 1745 p.
670 1710 697 1745 5)
730 1711 862 1744 „alterum
895 1712 1045 1739 membrum
1065 1713 1121 1739 Ano
1152 1711 1257 1739 noceat’

320 1763 369 1790 por
392 1764 421 1782 sc
445 1757 536 1782 stan-«³⁴⁸
560 1755 704 1782 contundit
727 1756 839 1790 eiusque
858 1757 898 1783 rei
917 1757 1041 1791 exemplu
1065 1757 1146 1783 affert
1170 1765 1238 1790 quae
1257 1764 1318 1783 cuni

320 1800 371 1827 hoe
394 1800 454 1827 loco
477 1809 531 1827 non
554 1801 635 1835 plane
662 1803 825 1834 congruunt.
862 1802 895 1829 In
923 1802 1023 1836 quibus
1052 1802 1133 1828 alteri
1164 1801 1318 1828 sententiae

272 1848 275 1851 ”
321 1846 401 1876 plane
425 1845 619 1880 pronuntiatae
642 1846 730 1873 altera
752 1845 914 1880 adiungitur
937 1846 1025 1873 forma
1048 1847 1163 1873 mutata.
1205 1845 1245 1874 At
1268 1846 1317 1873 hoc

318 1890 377 1917 loco
406 1890 579 1917 enuntiatum
612 1898 664 1923 „ne
695 1892 809 1917 noceat“
839 1890 1007 1918 sententiam
1041 1892 1163 1925 „patrem
1191 1890 1318 1918 exoravi“

321 1934 437 1968 supplet.
474 1935 514 1962 Ea
537 1934 565 1962 in
589 1943 618 1961 re
640 1935 759 1962 maximo
782 1943 843 1962 osso
869 1937 1082 1962 consentaneum
1107 1935 1175 1962 mihi
1201 1935 1318 1969 videtur,

321 1979 465 2006 secundam
490 1981 596 2013 partem
621 1980 705 2014 priori
726 1988 787 2006 osse
805 1980 1043 2013 accommodatam,
1070 1981 1230 2014 praesertim
1256 1988 1317 2007 eum

319 2023 411 2050 eadem
425 2023 474 2050 illa
493 2032 555 2057 pars
575 2024 672 2051 falsam
691 2025 761 2052 servi
783 2024 937 2059 opinionem
951 2024 1075 2059 repellat,
1095 2025 1167 2059 quod
1185 2025 1318 2051 acerrimo

320 2067 352 2093 fit
376 2067 467 2094 eadem
492 2076 545 2103 qua
572 2068 721 2102 Chrysalus
748 2069 840 2095 utitur
869 2069 1008 2096 enuntiati
1037 2069 1206 2096 formatione.
1243 2068 1318 2101 Quae

322 2111 392 2138 ratio
412 2113 616 2139 commendatur
636 2113 723 2140 Stich.
743 2122 782 2140 vv.
802 2114 881 2140 253-
894 2114 953 2140 255.
