1588 2463
748 184 791 217 45

601 282 632 314 2.
665 280 927 322 perfectum.

236 337 285 370 Pl.
310 336 378 370 Mil.
404 336 446 377 gl.
475 337 576 369 1167:
609 334 736 378 (Dicas)
768 334 856 367 Hinc
886 343 997 367 senem
1027 333 1087 366 abs
1118 335 1151 366 te
1183 332 1302 374 abisse,

693 390 866 430 postquam
889 387 1003 428 feceris
1026 386 1211 421 divortium.

325 444 410 477 Rud.
435 444 515 477 401:
540 444 586 476 At
609 452 670 483 ego
694 441 795 475 etiam
826 440 883 483 (sc.
910 440 991 483 scio)
1022 439 1078 481 qui
1108 440 1304 481 speravmnt

824 504 914 536 spem
937 494 1106 535 decepisse
1129 494 1252 528 multos

325 550 426 584 Stich.
458 551 539 584 555:
572 549 734 583 Videlicet
763 558 896 590 parcum
925 547 1029 581 fuisse
1061 548 1154 581 illum
1180 557 1300 589 senem,

951 601 1006 643 qui
1030 601 1064 635 id
1086 602 1212 635 dixerit.

326 658 427 692 Stich.
446 658 509 691 557
533 667 596 698 ης
622 656 785 691 Videlicet
807 656 980 697 inaequom
996 655 1099 689 fuisse
1115 655 1207 688 illum
1224 656 1304 688 adu-

878 709 1058 743 lescentem
1082 709 1136 750 qui
1159 708 1246 750 ilico,

539 765 603 798 Ubi
627 764 684 798 ille
707 764 822 806 poscit,
848 764 1089 805 deneyarit....

241 821 314 853 Ter.
340 819 469 853 Phorm.
495 819 559 852 722
584 827 648 860 sq‚:
675 818 791 862 (dicat)
815 819 974 858 quantum
998 817 1027 850 is
1049 818 1191 859 voluerit,

538 873 660 906 Datum
684 880 757 905 esse
781 871 878 905 dotis

324 927 452 961 Phorm.
477 927 542 960 875
562 935 630 967 sq.:
655 926 713 959 sed
736 935 786 958 me
810 934 932 958 censen
955 924 1103 965 potuisse
1127 925 1236 959 omnia

537 979 738 1021 Intellegere
754 981 850 1012 extra
867 978 997 1020 ostium,
1014 978 1105 1012 intus
1120 988 1204 1020 quae
1216 979 1304 1012 inter

886 1041 964 1066 seve
986 1031 1050 1073 ipsi
1073 1033 1215 1075 egerint?

324 1089 425 1122 Andr.
450 1088 532 1122 664:
564 1086 636 1120 Nisi
665 1085 745 1119 mihi
768 1086 847 1118 deos
871 1085 954 1118 satis
979 1085 1046 1119 scio
1071 1085 1174 1120 fuisse
1197 1087 1303 1122 iratos

879 1139 934 1180 qui
958 1140 1211 1186 auscultaverim.

238 1196 288 1231 Pl.
312 1195 404 1230 Asin.
429 1197 513 1230 913:
537 1195 694 1229 mandata
717 1193 822 1227 dicam
846 1191 934 1236 (fut.)
958 1188 1049 1227 facta
1071 1197 1110 1227 ut
1132 1194 1271 1230 voluerit.

267 1256 297 1289 3.
337 1254 653 1296 imperfectum
685 1256 729 1287 et
761 1253 1268 1303 plusquamperfectum.

235 1313 284 1347 Pl.
309 1312 419 1347 Aulul.
444 1313 511 1346 470
526 1322 590 1354 sq.:
615 1313 719 1346 Credo
737 1314 852 1356 edepol
869 1323 930 1355 ego
947 1313 998 1346 illi
1014 1314 1196 1347 mercedem
1212 1312 1301 1354 gallo

891 1367 1057 1410 pollicitos
1080 1375 1212 1408 coquos,

236 1419 271 1453 Si
295 1420 329 1453 id
351 1420 461 1461 palam
483 1420 615 1460 fecisset.

235 1472 332 1515 Epid.
360 1473 432 1517 508,
455 1482 518 1514 sq.:
551 1473 803 1515 Stratippoclem
828 1475 930 1516 aiunt,
965 1473 1164 1516 Periphanai
1188 1473 1299 1514 filium,

449 1527 628 1560 Absentem
653 1527 821 1561 curavisse
844 1520 883 1561 ut
904 1529 993 1570 fieret
1014 1527 1129 1561 libera.

236 1581 329 1621 capt,
355 1580 436 1613 253:
460 1580 588 1622 Edepol
611 1580 673 1614 tibi
695 1590 737 1614 ne
760 1581 795 1614 in
811 1582 1005 1622 quaestione
1021 1591 1155 1614 essemus
1170 1583 1301 1614 cautum

1043 1634 1210 1676 intellego

236 1688 310 1720 Ter.
335 1688 437 1721 Andr.
462 1688 527 1720 699
551 1696 616 1728 sq:
641 1687 677 1721 Si
700 1688 824 1729 poterit
847 1688 928 1729 fieri,
953 1691 992 1721 ut
1007 1697 1049 1722 ne
1065 1690 1161 1729 pater
1176 1697 1235 1729 per
1249 1697 1300 1720 me

929 1741 1063 1775 stetisse
1087 1742 1210 1783 credat,

449 1794 631 1837 Quominus
653 1795 735 1828 haec
756 1796 869 1836 fierent
891 1795 1037 1836 nuptiae,
1062 1795 1147 1829 volo.

324 1848 409 1882 Eun.
434 1849 501 1882 930
524 1858 610 1890 sqq.:
634 1849 668 1882 It
690 1851 804 1883 verost
826 1849 912 1890 quod
935 1858 996 1889 ego
1020 1848 1098 1881 mihi
1126 1851 1205 1890 puto
1229 1848 1301 1890 pal-

1074 1902 1211 1936 marium

449 1956 503 1989 Me
526 1955 721 1997 repperisse,
746 1965 809 1997 quo
833 1956 927 1989 modo
951 1955 1221 1989 adulescentulus

449 2009 659 2042 Meretricum
683 2009 817 2050 ingenia
840 2012 875 2042 et
898 2018 1006 2042 mores
1023 2011 1130 2050 posset
1153 2019 1298 2043 noscere.

323 2062 444 2095 Heaut.
463 2063 528 2095 816
545 2072 591 2103 sq.
603 2074 609 2095 :
623 2063 672 2095 Ne
682 2072 733 2096 me
741 2062 827 2096 istuc
835 2072 876 2095 ex
884 2065 918 2095 te
925 2062 1016 2103 prius
1023 2062 1155 2096 audisse
1161 2064 1299 2104 gaudeo,

449 2116 553 2157 Quam
578 2119 748 2157 argentum
772 2116 900 2149 haberes
913 2142 1006 2148 .....
