1588 2463
750 8 848 51 ,ζμ
876 26 883 29 .
909 35 913 40 ¹
941 40 942 44 Ἰ
973 27 1012 47 7,,

702 39 771 129 (U
930 99 1009 125 -ΙΤΥ

784 176 879 208 *lp*
941 165 1020 204 „sf‘

268 274 339 307 dem
364 283 431 306 non
454 282 595 314 possum.
643 273 725 305 Nam
749 282 821 305 cum
841 273 976 306 verbum
1006 280 1126 313 regens
1136 272 1332 313 „„explana“

268 327 301 360 in
325 327 399 368 fine,
424 326 619 368 gravissimo
650 335 768 360 versus
797 326 880 367 loco⁷
912 325 1055 366 positum
1086 325 1140 366 sit,
1172 325 1335 367 integram

268 380 455 422 praesentis
477 379 545 414 vim
574 379 709 413 auribus
739 390 780 413 ac
809 379 911 413 menti
940 379 1012 412 eius
1041 378 1097 420 qui
1127 378 1273 420 loquitur
1302 379 1335 412 in

270 444 368 468 versu
392 433 579 475 insequenti
603 432 773 467 obversari
797 432 959 466 existimo.
1006 433 1124 473 Itaque
1141 433 1336 466 secundaria

269 491 398 521 tantum
432 487 599 520 sententia
631 488 675 520 ad
706 486 921 528 praeteritum
960 486 1104 519 refertur
1137 496 1200 528 quo
1230 486 1335 528 Stilpo

270 542 414 575 vivebat.
461 542 500 574 In
524 551 590 581 qua
612 540 803 582 imperfecto
821 540 981 582 Demipho
1005 540 1120 582 utitur,
1145 540 1222 581 quia
1245 551 1338 581 saepe

269 604 425 628 narrasse
449 604 560 628 senem
583 595 623 628 de
648 597 788 636 cognato
806 603 874 635 suo,
899 596 938 627 ut
959 594 1112 629 Phormio
1136 594 1234 635 paulo
1259 596 1337 626 ante

271 649 316 692 (v.
342 649 407 682 365
433 659 500 689 sq.:

509 705 512 708 ’
642 713 735 743 saepe
757 701 886 735 interea
908 701 987 734 mihi
1013 711 1113 734 senex

475 756 643 788 Narrabat
666 765 700 789 se
724 756 869 789 hunos..
888 756 964 799 cet.)
995 756 1223 796 contenderat,
1249 755 1338 796 cogi-

271 811 400 849 tatione
424 812 526 843 tenet.
572 809 765 851 Respondet
787 809 889 850 igitur
912 809 1141 843 coniunctivus
1172 809 1335 851 „diceret“

270 862 450 896 indicativo
477 863 646 905 „dicebat“
673 866 785 896 rectae
809 862 1089 904 interrogationis.
1097 863 1120 906 ¹)

315 917 445 950 Phorm.
470 918 552 950 382:
574 916 717 949 Proinde
740 916 911 957 expiscare
935 916 1030 957 quasi
1053 926 1119 950 non
1141 927 1256 950 nosses.

315 970 443 1004 Phorm.
457 966 551 1004 ⁴388:
577 970 672 1011 quasi
696 980 761 1003 non
784 980 900 1012 nosses,
925 973 1121 1012 temptatum
1144 969 1292 1003 advenis.

360 1042 534 1075 Parasitus
557 1042 665 1075 dicere
689 1043 763 1076 vult
785 1042 981 1083 Demiphoni
1004 1045 1117 1076 notum
1140 1042 1243 1075 fuisse
1260 1042 1340 1076 Stil-

272 1105 387 1137 ponem
421 1098 490 1128 tum
522 1106 593 1128 cum
624 1096 658 1128 in
689 1095 761 1129 vita
792 1096 902 1129 fuerit.
951 1096 1060 1138 Quare
1088 1096 1242 1137 quoniam
1265 1105 1339 1137 per-

272 1148 393 1182 fectum
426 1148 542 1191 „novi“
582 1149 707 1190 aliquid
742 1149 911 1190 praesenti
941 1152 1088 1191 tempore
1118 1152 1232 1183 notum
1265 1158 1339 1182 esse

274 1201 447 1244 significat,
473 1203 827 1244 plusquamperfectum
858 1206 893 1236 et
924 1203 958 1236 in
988 1203 1140 1237 versibus
1170 1204 1245 1245 384,
1271 1204 1337 1236 390

274 1259 309 1289 et
323 1256 392 1289 illis
403 1257 530 1290 duobus
546 1256 638 1299 locis,
657 1257 712 1290 ubi
728 1257 916 1298 postulatur
931 1257 1169 1298 coniunctivuS,
1189 1262 1337 1298 usurpat.

364 1320 394 1353 5.
451 1320 578 1362 Quibus
611 1320 769 1362 exemplis
798 1324 938 1362 apparet
967 1323 1044 1362 post
1073 1330 1232 1362 praesens
1264 1320 1342 1362 poni

274 1373 517 1415 coniunctivum
541 1373 612 1406 eius
629 1374 785 1415 temporis
804 1384 866 1414 quo
883 1374 955 1407 fieri
972 1374 1135 1407 actionem
1153 1373 1340 1407 sententiae

275 1427 490 1460 secundariae
514 1427 686 1468 cogitetur.
735 1428 774 1460 In
806 1427 1037 1461 finalibus
1067 1430 1178 1461 autem
1211 1427 1342 1460 enunti-

275 1480 342 1514 atis
365 1480 569 1513 secundariis
591 1490 728 1521 quorum
752 1481 902 1514 actiones
924 1481 1093 1515 in'futuro
1119 1484 1212 1523 sunt,
1237 1481 1341 1515 futuri

275 1533 503 1568 coniunctivus
525 1544 701 1576 numquam
724 1535 908 1577 adhibetur,
933 1535 1011 1576 quia
1033 1545 1099 1568 non
1123 1538 1192 1568 tam
1208 1536 1338 1576 quando

274 1589 335 1621 fiat
364 1587 451 1621 actio
483 1588 669 1621 secundarii
698 1599 793 1629 quam
828 1589 849 1621 h
859 1599 880 1622 u
890 1589 902 1621 i
913 1599 934 1622 u
947 1598 962 1621 s
995 1599 1015 1622 a
1026 1599 1043 1622 c
1054 1589 1118 1622 tio
1131 1599 1152 1622 n
1163 1589 1174 1621 i
1186 1598 1201 1621 s
1234 1589 1342 1630 expri-

275 1641 375 1674 mitur
405 1651 454 1682 op
466 1642 585 1675 tatio
603 1652 681 1683 ¹qua
713 1643 895 1676 subiectum
925 1637 1073 1684 primarii
1105 1643 1148 1676 ad
1178 1643 1340 1684 agendum

276 1694 441 1729 excitatur
475 1698 509 1729 et
542 1700 748 1730 movetur
781 1697 905 1730 inter
941 1698 1166 1738 agendum.
1220 1697 1339 1737 Itaque

296 1830 317 1863 ¹)
346 1829 479 1856 Horatius
498 1837 627 1864 quosque,
651 1831 683 1856 nt
705 1830 821 1857 iteratos
848 1831 972 1865 Saganae
996 1840 1056 1858 eum
1082 1831 1186 1858 umbris
1206 1839 1343 1858 sermones

348 1873 503 1907 significet,
534 1876 598 1908 post
628 1882 757 1909 praesens
789 1870 964 1908 .‚memorem“
1002 1876 1117 1903 adhibet
1153 1875 1343 1910 imperfectum

349 1921 405 1948 Sat.
424 1919 446 1950 1,
466 1918 491 1950 8,
510 1921 545 1949 40
565 1929 623 1956 sq.:

437 1973 552 2013 Singula
570 1978 636 2012 quid
656 1975 820 2004 memorem?
840 1984 891 2010 quo
910 1977 992 2011 pacto
1011 1976 1118 2002 alterna
1135 1975 1280 2009 loquentes

435 2033 554 2060 Umbrae
572 2041 634 2059 cum
653 2032 762 2065 Sagana
780 2031 941 2057 resonarent
959 2030 1042 2057 triste
1062 2031 1091 2056 et
1109 2028 1286 2055 acutum?...

347 2078 495 2105 Praeterea
513 2077 583 2105 conf.
602 2076 638 2104 M.
661 2075 772 2109 Wetzel,
792 2075 826 2102 do
844 2074 1039 2102 consecutione
1059 2076 1210 2108 temporum
1231 2072 1340 2100 Cicero-

348 2123 437 2156 niana,
456 2122 523 2149 diss.
544 2122 620 2155 1877,
640 2129 665 2156 p.
685 2120 702 2147 8
721 2129 763 2155 sq.
