1588 2463
768 192 812 224 30

254 292 403 323 eoactum
419 292 550 331 poetam
569 299 609 322 ea
626 289 807 330 scripsisse.
832 289 940 322 Unum
959 289 1066 322 locum
1084 298 1118 322 se
1138 289 1322 330 repperisse

253 346 359 385 putat,
382 343 438 376 ubi
463 343 555 376 salvo
575 345 679 376 metro
703 345 780 384 post
795 342 977 384 perfectum
1001 343 1078 384 poni
1093 342 1241 384 potuerit
1262 343 1321 376 im-

254 396 435 438 perfectum
459 396 635 430 usitatius:

298 450 399 483 Ennii
423 460 497 483 ann.
523 451 588 483 252
614 459 682 493 sqq.
708 450 770 491 (ed.
795 449 955 493 Vahlen):

524 504 628 537 multa
652 506 769 537 tenens
793 503 930 546 antiqua
955 503 1093 544 sepulta,
1120 505 1273 537 vetustas

361 558 464 600 Quem
488 557 568 591 feeit
596 567 704 591 mores
726 560 922 600 veteresque
950 566 1117 599 novosque
1142 559 1319 598 tenentem,

357 612 536 644 Multorum
560 614 708 645 veterum
737 611 828 653 leges
851 611 1025 653 divumque
1048 611 1297 652 hominumque3

360 666 546 698 Prudenter
568 665 624 707 qui
647 664 737 698 dicta
760 664 892 707 loquive
916 667 1070 698 tacereve
1093 665 1205 705 possit:

359 720 455 752 Hunc
479 719 567 751 inter
589 727 718 760 pugnas
741 718 902 752 Servilius
926 718 975 751 sic
999 719 1172 759 compellat.

324 774 397 814 vAt,
422 775 460 805 ut
493 774 651 814 „possev‘
684 773 718 805 111
749 775 844 814 parte
867 773 1025 806 librorum
1049 772 1136 806 tradi
1160 772 1320 813 omittam,

255 837 413 869 praesens
437 836 495 860 suo
519 829 573 859 est
595 826 677 867 loco,
711 826 781 860 sive
811 826 866 868 qui
890 826 1098 860 enuntiatum
1122 827 1323 868 „prudenter

222 905 225 908 <
253 908 259 915 .
276 908 283 915 .
296 908 303 915 .
316 908 322 915 .
337 881 463 923 possit“
481 890 554 914 cum
571 880 738 914 sententia
756 890 872 924 „quem
888 880 968 914 fecit
984 907 990 914 .
1005 907 1011 914 .
1025 907 1031 914 .
1046 907 1052 914 .
1070 880 1321 923 hominumque“

253 935 457 976 coniungunt
483 934 553 968 sive
584 935 697 968 eodem
724 935 818 968 modo
847 937 947 977 atque
975 934 1060 967 hane
1083 935 1126 967 ab
1149 934 1321 967 enuntiato

255 988 410 1030 primario
424 988 531 1030 „hune
548 1014 554 1021 .
569 1014 594 1021 ..
613 988 810 1029 compellat“
826 989 968 1029 pendere
981 988 1190 1021 existimant:
1207 988 1321 1021 Enun-

253 1042 329 1075 tiati
354 1042 556 1084 „prudenter
571 1069 577 1075 .
592 1069 597 1075 .
612 1068 618 1075 .
633 1068 639 1075 .
657 1041 783 1083 possit“
804 1044 941 1083 tempus,
962 1043 1262 1084 quomodocumque
1287 1050 1321 1074 se

255 1105 310 1129 res
340 1096 450 1137 habet,
476 1106 549 1130 011111
580 1100 725 1137 tempore
756 1096 921 1129 enuntiati
952 1095 1098 1137 primarii
1129 1096 1237 1137 „hune
1253 1122 1260 1128 .
1273 1122 1279 1129 .
1293 1122 1320 1128 ..

254 1149 450 1191 compellat“
476 1150 634 1192 congruit.
672 1151 782 1192 Atque
805 1159 872 1183 una
896 1159 968 1183 cum
988 1150 1050 1183 hae
1072 1149 1239 1183 sententia
1262 1149 1322 1182 illa

256 1214 385 1247 quoque
409 1206 689 1245 repraesentatur.

754 1281 826 1322 §a

343 1349 559 1381 Praesens
582 1347 668 1388 quod
689 1346 811 1380 dieitur
833 1346 1087 1380 historicum
1109 1347 1172 1379 1100
1194 1347 1319 1379 demum

255 1402 328 1435 1000
346 1402 554 1435 tractandum
577 1401 657 1434 mihi
674 1400 838 1442 proposui,
864 1400 941 1441 quia
964 1400 998 1433 in
1018 1410 1057 1434 eo
1075 1403 1204 1441 tempus
1226 1409 1321 1441 prae—

253 1464 330 1488 sens
353 1465 425 1489 cum
455 1455 601 1496 perfecto
634 1453 842 1488 commixtum
873 1457 934 1488 est.
982 1454 1055 1496 Qua
1086 1453 1191 1486 forma
1214 1453 1244 1486 is
1267 1453 1321 1494 qui

251 1509 354 1543 verba
379 1509 462 1542 facit
484 1508 699 1550 praeteritam
723 1508 886 1541 actionem
915 1508 964 1541 ita
987 1510 1112 1549 narrat,
1143 1507 1238 1548 quasi
1263 1515 1321 1539 suo

254 1563 359 1604 ipsius
382 1565 529 1604 tempore
553 1565 653 1603 atque
677 1571 712 1595 se
737 1564 910 1604 spectante
934 1561 988 1595 vel
1011 1563 1131 1603 agente
1154 1561 1222 1594 fiat.

341 1617 460 1657 Itaque
485 1616 652 1650 sententia
682 1626 766 1657 quae
796 1615 926 1649 aceedit
948 1614 1144 1648 secundaria
1174 1617 1233 1647 aut
1255 1623 1321 1647 una

252 1680 324 1703 011111
349 1670 480 1703 actione
504 1670 660 1711 primaria
690 1671 734 1702 ad
757 1669 923 1710 loquentis
955 1671 1083 1710 tempus
1107 1671 1167 1701 aut
1188 1677 1320 1709 reprae-

253 1723 442 1756 sentatione
455 1723 577 1757 omissa
589 1723 632 1756 ad
644 1723 869 1764 praeteritum,
894 1732 1006 1756 verum
1023 1721 1166 1755 actionis
1181 1724 1320 1763 tempus,

252 1777 402 1811 revocari
426 1779 547 1818 potest.

340 1831 367 1864 Ι.
414 1831 510 1872 Apud
533 1830 733 1864 Plautum
757 1840 829 1863 011111
852 1830 1020 1871 praesenti
1042 1828 1198 1862 historico
1223 1828 1320 1869 longe

250 1883 496 1925 plerumque
529 1884 758 1917 coniunctivus
787 1883 1038 1925 praesentis
1070 1886 1111 1916 et
1133 1882 1320 1924 perfecti

252 1937 471 1979 coniungitur.
519 1937 631 1971 Testis
654 1941 706 1971 est
728 1937 782 1971 1110
806 1947 962 1971 numerus
984 1936 1221 1978 exemplorum:

323 2036 383 2063 Meo
402 2036 512 2070 quidem
537 2036 639 2063 iudicio
663 2036 817 2070 praesentis
844 2036 1035 2062 coniunctivus
1055 2044 1085 2062 eo
1105 2035 1224 2069 ponitur,
1249 2033 1320 2069 quod

323 2080 478 2115 participiis
497 2080 653 2114 praesentis
667 2080 788 2107 efficitur
806 2080 1024 2114 repraesentatio
1045 2081 1077 2106 ut
1096 2079 1188 2106 eadem
1208 2079 1247 2105 sit
1259 2086 1321 2105 sen-

324 2125 415 2152 tentia
435 2133 466 2151 ae
486 2125 508 2151 si
531 2125 644 2159 .,plorat,
664 2125 806 2152 obsecrat“
826 2124 942 2151 dicatur.
