1588 2463
778 183 820 216 29

356 281 498 315 Rothius
528 280 641 314 multis
670 282 710 314 de
740 281 802 314 hoc
824 281 896 314 loco
920 281 1094 322 disputans
1114 280 1157 324 (p.
1183 282 1225 315 25
1250 281 1333 324 sqq.)

268 335 451 376 ,‚deferat“,
469 335 556 376 quod
573 335 685 368 ‘libero
703 334 823 368 iudicio
840 337 876 368 et
890 334 1037 368 arbitrio'
1056 345 1114 376 pro
1132 335 1332 377 ‚‚detulerit“

268 388 411 429 positum
434 388 487 430 sit,
512 397 672 430 usurpare
696 391 838 429 poetam,
863 398 926 429 quo
951 398 986 422 re
1009 398 1091 422 vera
1114 399 1135 422 a
1150 391 1333 423 mercatore

268 442 411 475 tabellas
434 450 507 475 esse
531 441 661 475 delatas
683 441 855 483 indicetur,
881 445 978 483 putat
1000 442 1042 485 (p.
1074 443 1141 486 31).
1189 443 1253 476 Sed
1277 452 1335 476 cur

267 496 408 529 Plautus
423 495 638 529 indicativum
654 495 801 537 perfecti,
827 504 890 536 quo
906 495 1115 529 manifestius
1134 496 1225 529 nulla
1241 496 1334 530 verbi

268 549 374 583 forma
396 550 487 583 illam
511 550 710 584 sententiam
734 550 953 591 expressisset
975 552 1011 582 et
1033 559 1229 590 quamquam
1256 551 1334 591 „de-

268 603 368 637 tulit“
392 603 597 645 aptissimum
620 607 694 637 erat
718 605 760 637 ad
789 606 938 644 metrum,
969 603 1140 645 neglexit?
1172 604 1223 636 An
1247 603 1333 645 quia,

268 660 307 690 ut
328 657 470 691 Rothius
494 657 537 699 (p.
559 657 616 700 33)
640 657 884 691 coniunctivum
903 657 1143 698 interpretatur
1166 656 1234 699 (qui
1250 673 1285 685 =
1301 660 1335 691 et

268 710 329 744 tali
350 711 427 754 qui),
454 711 640 753 significare
663 710 737 744 vult
759 710 868 752 qualis
883 710 985 744 fuerit
1008 712 1195 744 mercator?
1240 711 1335 753 Quod

269 766 337 798 tam
352 764 438 798 levis
453 764 608 797 momenti
625 767 685 805 est,
711 767 752 797 ut
774 767 914 806 poetam,
940 774 1002 805 quo
1019 764 1124 798 maior
1146 767 1236 798 esset
1260 774 1334 798 sen-

268 817 393 851 tentiae
428 818 652 859 perspicuitas
687 821 786 859 atque
821 818 952 851 facilior
985 818 1082 852 metri
1121 818 1333 860 constructio,

268 871 484 905 indicativum
499 872 724 913 praelaturum
740 871 843 905 fuisse
859 881 1051 913 persuasum
1066 872 1213 905 habeam.
1241 872 1334 914 Quae

268 925 353 959 ratio
385 935 436 958 me
467 925 596 966 quidem
627 925 725 967 cogit,
756 928 795 959 ut
817 925 989 959 consilium
1019 925 1161 959 actionis
1188 926 1336 967 primarii

268 978 429 1012 contineri
452 979 625 1013 enuntiato
655 979 797 1012 relativo
829 981 969 1013 credam.
1017 981 1125 1020 Atque
1149 989 1221 1013 cum
1244 979 1332 1013 actio

267 1032 436 1066 deferendi
467 1032 501 1065 in
532 1032 712 1074 praeterito
745 1033 798 1074 sit,
830 1033 1016 1074 praesentis
1044 1033 1245 1067 coniunctivi
1275 1044 1334 1075 pro

267 1086 458 1128 imperfecto
490 1087 590 1128 positi
619 1087 701 1120 nihil
732 1087 823 1120 aliud
851 1090 904 1120 est
931 1097 1032 1121 causa
1060 1087 1124 1121 nisi
1152 1087 1249 1121 metri
1276 1097 1334 1121 ne-

269 1140 418 1174 cessitas.
463 1141 502 1173 In
527 1140 741 1182 sequentibus
763 1143 874 1174 autem
897 1141 1023 1175 verbis:

479 1195 514 1227 Is
537 1204 603 1228 non
627 1195 753 1236 sprevit
775 1194 935 1228 nuntium.

443 1274 445 1277 .
478 1248 562 1281 Nam
586 1251 621 1282 et
644 1248 737 1282 venit
753 1275 848 1282 .....

356 1301 619 1336 Palaestrionem
635 1302 669 1336 id
689 1303 776 1344 quod
791 1302 889 1345 longe
905 1301 1044 1335 maxime
1061 1302 1164 1336 refert
1178 1301 1333 1335 distincte

267 1364 519 1389 commemorare
544 1358 800 1390 consentaneum
823 1359 884 1398 est,
909 1356 1105 1398 praesertim
1129 1365 1201 1389 cum
1224 1355 1335 1389 verbis

267 1418 354 1449 „non
378 1409 504 1450 sprevit
525 1409 697 1443 nuntium“
721 1413 936 1444 mercatorem
952 1410 1129 1451 perfecisse
1145 1409 1334 1443 mandatum

270 1462 354 1495 satis
377 1462 591 1504 significetur.
636 1464 709 1497 Non
732 1464 835 1506 igitur
858 1464 1044 1506 praesentis
1060 1463 1279 1503 coniunctivo,
1296 1465 1335 1496 ut

269 1515 401 1556 putavit
430 1516 590 1558 Rothius,
625 1518 682 1551 sed
714 1518 824 1551 verbis
857 1517 1070 1559 sequentibus
1101 1517 1266 1551 indicatur
1297 1526 1333 1550 re

268 1578 348 1602 vera
370 1569 501 1603 delatas
523 1580 597 1604 esse
620 1571 761 1604 litteras.

335 1627 474 1661 Omnino
490 1638 569 1662 vero
586 1629 619 1662 in
636 1630 827 1664 narratione
844 1640 916 1663 cum
932 1629 1122 1671 imperfecto
1140 1632 1176 1662 et
1187 1628 1333 1670 perfecto

267 1681 433 1714 enuntiati
457 1683 605 1724 regentis
628 1683 872 1718 coniunctivum
899 1683 1085 1725 praesentis
1112 1682 1333 1716 historici

267 1743 288 1767 a
303 1734 425 1768 Plauto
448 1739 484 1769 et
505 1737 660 1770 Terentio
689 1747 708 1771 e
732 1737 952 1771 sermonis
974 1746 1051 1771 usu
1076 1746 1232 1770 conexum
1260 1745 1333 1770 esse

267 1797 362 1830 nego.
407 1790 447 1822 In
471 1790 621 1824 omnibus
644 1790 729 1824 enim
753 1791 911 1832 exemplis
927 1800 948 1824 a
963 1790 1084 1824 Rothio
1109 1789 1223 1823 allatis
1239 1799 1333 1831 prae-

269 1842 377 1875 sentia
406 1846 467 1876 aut
496 1843 659 1885 propriam
688 1844 809 1878 habere
833 1845 898 1878 vim
922 1844 1111 1887 contendo¹)
1143 1846 1203 1877 aut
1228 1846 1332 1877 metro

300 1942 321 1975 ¹)
341 1942 397 1970 Csr.
416 1943 450 1969 de
470 1943 531 1970 Ter.
551 1943 619 1970 Eun.
638 1943 689 1971 261
710 1943 726 1977 ἕ
745 1943 800 1975 9Α,
819 1951 846 1976 y,
865 1944 895 1976 2;
913 1943 947 1970 de
966 1943 1035 1970 Eun.
1053 1943 1106 1971 517
1125 1942 1141 1976 ἕ
1160 1942 1185 1970 6.
1204 1943 1240 1974 ΙΙ,
1260 1943 1291 1969 Α.

340 1986 393 2014 Sed
413 1987 482 2015 cist.
501 1988 538 2021 11,
556 1988 581 2017 3.
600 1988 635 2016 25
655 1996 694 2022 sq.
714 1988 802 2022 (402):

410 2032 487 2059 Anus
506 2032 632 2067 amplexa
651 2034 695 2059 est
712 2040 802 2068 genua
820 2032 938 2066 plorans,
957 2032 1104 2059 obsecrans

410 2077 452 2103 Ne
471 2077 580 2104 (leserat
598 2085 635 2105 se.

340 2121 497 2155 scrupulum
511 2122 612 2149 inicere
622 2122 723 2156 potest,
735 2122 799 2155 quia
813 2121 984 2154 ‚‚dosereret“
999 2122 1086 2148 metro
1096 2129 1149 2148 uon
1159 2121 1332 2154 repugnaret.
