<?xml version="1.0" encoding="UTF-8"?>
<!DOCTYPE html PUBLIC "-//W3C//DTD XHTML 1.0 Transitional//EN"
    "http://www.w3.org/TR/xhtml1/DTD/xhtml1-transitional.dtd">
<html xmlns="http://www.w3.org/1999/xhtml" xml:lang="en" lang="en">
 <head>
  <title>
</title>
<meta http-equiv="Content-Type" content="text/html;charset=utf-8" />
  <meta name='ocr-system' content='tesseract 3.04.00' />
  <meta name='ocr-capabilities' content='ocr_page ocr_carea ocr_par ocr_line ocrx_word'/>
</head>
<body>
  <div class='ocr_page' id='page_1' title='image "./deconsecutionet01wirtgoog_00012.png"; bbox 0 0 1588 2463; ppageno 0'>
   <div class='ocr_carea' id='block_1_1' title="bbox 773 188 793 221">
    <p class='ocr_par' dir='ltr' id='par_1_1' title="bbox 773 188 793 221">
     <span class='ocr_line' id='line_1_1' title="bbox 773 188 793 221; baseline 0 0"><span class='ocrx_word' id='word_1_1' title='bbox 773 188 793 221; x_wconf 87' lang='lat'>8</span> 
     </span>
    </p>
   </div>
   <div class='ocr_carea' id='block_1_2' title="bbox 249 285 1317 1671">
    <p class='ocr_par' dir='ltr' id='par_1_2' title="bbox 249 285 1317 1671">
     <span class='ocr_line' id='line_1_2' title="bbox 294 285 1145 326; baseline 0 -8"><span class='ocrx_word' id='word_1_2' title='bbox 294 286 366 318; x_wconf 84' lang='lat' dir='ltr'>Ter.</span> <span class='ocrx_word' id='word_1_3' title='bbox 392 286 512 318; x_wconf 88' lang='lat' dir='ltr'>Heaut.</span> <span class='ocrx_word' id='word_1_4' title='bbox 539 286 620 319; x_wconf 85' lang='lat'>555:</span> <span class='ocrx_word' id='word_1_5' title='bbox 645 295 729 326; x_wconf 86' lang='lat' dir='ltr'>quae</span> <span class='ocrx_word' id='word_1_6' title='bbox 752 287 794 318; x_wconf 75' lang='lat' dir='ltr'>sit</span> <span class='ocrx_word' id='word_1_7' title='bbox 816 285 888 318; x_wconf 90' lang='lat' dir='ltr'>eius</span> <span class='ocrx_word' id='word_1_8' title='bbox 912 288 1016 326; x_wconf 83' lang='lat' dir='ltr'>aetas,</span> <span class='ocrx_word' id='word_1_9' title='bbox 1041 285 1145 319; x_wconf 86' lang='lat' dir='ltr'>vides.</span> 
     </span>
     <span class='ocr_line' id='line_1_3' title="bbox 293 339 1065 379; baseline -0.001 -7"><span class='ocrx_word' id='word_1_10' title='bbox 293 339 341 372; x_wconf 92' lang='lat' dir='ltr'>Pl.</span> <span class='ocrx_word' id='word_1_11' title='bbox 367 339 476 372; x_wconf 89' lang='lat' dir='ltr'>Aulul.</span> <span class='ocrx_word' id='word_1_12' title='bbox 504 340 567 372; x_wconf 83' lang='lat'>729</span> <span class='ocrx_word' id='word_1_13' title='bbox 592 349 656 379; x_wconf 87' lang='lat' dir='ltr'>sq.:</span> <span class='ocrx_word' id='word_1_14' title='bbox 682 349 769 372; x_wconf 89' lang='lat' dir='ltr'>nunc</span> <span class='ocrx_word' id='word_1_15' title='bbox 792 339 836 371; x_wconf 91' lang='lat' dir='ltr'>mi</span> <span class='ocrx_word' id='word_1_16' title='bbox 860 339 1065 379; x_wconf 81' lang='lat' dir='ltr'>incertumst,</span> 
     </span>
     <span class='ocr_line' id='line_1_4' title="bbox 408 393 1217 435; baseline 0 -10"><span class='ocrx_word' id='word_1_17' title='bbox 408 393 530 425; x_wconf 84' lang='lat' dir='ltr'>Abeam</span> <span class='ocrx_word' id='word_1_18' title='bbox 552 403 596 425; x_wconf 86' lang='lat' dir='ltr'>an</span> <span class='ocrx_word' id='word_1_19' title='bbox 619 403 775 434; x_wconf 76' lang='lat' dir='ltr'>maneam,</span> <span class='ocrx_word' id='word_1_20' title='bbox 801 402 844 426; x_wconf 86' lang='lat' dir='ltr'>an</span> <span class='ocrx_word' id='word_1_21' title='bbox 868 393 982 425; x_wconf 81' lang='lat' dir='ltr'>adeam</span> <span class='ocrx_word' id='word_1_22' title='bbox 1004 403 1047 425; x_wconf 81' lang='lat' dir='ltr'>an</span> <span class='ocrx_word' id='word_1_23' title='bbox 1071 393 1217 435; x_wconf 64' lang='lat' dir='ltr'>t‘uyc‘am:</span> 
     </span>
     <span class='ocr_line' id='line_1_5' title="bbox 292 446 1314 488; baseline -0.001 -8"><span class='ocrx_word' id='word_1_24' title='bbox 292 447 341 480; x_wconf 91' lang='lat' dir='ltr'>Pl.</span> <span class='ocrx_word' id='word_1_25' title='bbox 360 447 449 480; x_wconf 82' lang='lat' dir='ltr'>Trin.</span> <span class='ocrx_word' id='word_1_26' title='bbox 468 448 549 480; x_wconf 87' lang='lat'>543:</span> <span class='ocrx_word' id='word_1_27' title='bbox 574 456 669 479; x_wconf 87' lang='lat' dir='ltr'>nemo</span> <span class='ocrx_word' id='word_1_28' title='bbox 693 449 814 488; x_wconf 79' lang='lat' dir='ltr'>exstat,</span> <span class='ocrx_word' id='word_1_29' title='bbox 836 446 892 487; x_wconf 90' lang='lat' dir='ltr'>qui</span> <span class='ocrx_word' id='word_1_30' title='bbox 907 446 953 479; x_wconf 91' lang='lat' dir='ltr'>ibi</span> <span class='ocrx_word' id='word_1_31' title='bbox 969 455 1027 479; x_wconf 85' lang='lat' dir='ltr'>sex</span> <span class='ocrx_word' id='word_1_32' title='bbox 1046 456 1175 479; x_wconf 87' lang='lat' dir='ltr'>menses</span> <span class='ocrx_word' id='word_1_33' title='bbox 1191 447 1314 480; x_wconf 78' lang='lat' dir='ltr'>vixerit.</span> 
     </span>
     <span class='ocr_line' id='line_1_6' title="bbox 294 500 1283 534; baseline -0.001 0"><span class='ocrx_word' id='word_1_34' title='bbox 294 501 344 534; x_wconf 93' lang='lat' dir='ltr'>Pl.</span> <span class='ocrx_word' id='word_1_35' title='bbox 369 501 468 534; x_wconf 88' lang='lat' dir='ltr'>Merc.</span> <span class='ocrx_word' id='word_1_36' title='bbox 494 501 576 534; x_wconf 85' lang='lat'>385:</span> <span class='ocrx_word' id='word_1_37' title='bbox 601 501 673 533; x_wconf 91' lang='lat' dir='ltr'>Non</span> <span class='ocrx_word' id='word_1_38' title='bbox 698 510 816 533; x_wconf 87' lang='lat' dir='ltr'>vereor</span> <span class='ocrx_word' id='word_1_39' title='bbox 838 510 880 533; x_wconf 94' lang='lat' dir='ltr'>ne</span> <span class='ocrx_word' id='word_1_40' title='bbox 903 500 996 533; x_wconf 80' lang='lat' dir='ltr'>illam</span> <span class='ocrx_word' id='word_1_41' title='bbox 1020 510 1070 534; x_wconf 98' lang='lat' dir='ltr'>me</span> <span class='ocrx_word' id='word_1_42' title='bbox 1094 510 1205 533; x_wconf 84' lang='lat' dir='ltr'>amare</span> <span class='ocrx_word' id='word_1_43' title='bbox 1229 500 1283 533; x_wconf 89' lang='lat' dir='ltr'>hic</span> 
     </span>
     <span class='ocr_line' id='line_1_7' title="bbox 842 553 1225 597; baseline 0.003 -11"><span class='ocrx_word' id='word_1_44' title='bbox 842 554 984 595; x_wconf 75' lang='lat' dir='ltr'>potuerit</span> <span class='ocrx_word' id='word_1_45' title='bbox 1006 553 1194 587; x_wconf 87' lang='lat' dir='ltr'>resciscere.</span> <span class='ocrx_word' id='word_1_46' title='bbox 1202 554 1225 597; x_wconf 93' lang='lat'>¹)</span> 
     </span>
     <span class='ocr_line' id='line_1_8' title="bbox 296 607 1293 649; baseline -0.001 -8"><span class='ocrx_word' id='word_1_47' title='bbox 296 608 369 641; x_wconf 83' lang='lat' dir='ltr'>Ter.</span> <span class='ocrx_word' id='word_1_48' title='bbox 394 608 479 641; x_wconf 88' lang='lat' dir='ltr'>Eun.</span> <span class='ocrx_word' id='word_1_49' title='bbox 505 609 546 641; x_wconf 91' lang='grc'>81</span> <span class='ocrx_word' id='word_1_50' title='bbox 573 617 638 648; x_wconf 85' lang='lat' dir='ltr'>sq.:</span> <span class='ocrx_word' id='word_1_51' title='bbox 663 617 781 640; x_wconf 89' lang='lat' dir='ltr'>vereor</span> <span class='ocrx_word' id='word_1_52' title='bbox 804 617 846 640; x_wconf 89' lang='lat' dir='ltr'>ne</span> <span class='ocrx_word' id='word_1_53' title='bbox 869 607 946 641; x_wconf 84' lang='lat' dir='ltr'>illut</span> <span class='ocrx_word' id='word_1_54' title='bbox 968 607 1106 649; x_wconf 83' lang='lat' dir='ltr'>gravius</span> <span class='ocrx_word' id='word_1_55' title='bbox 1128 607 1293 640; x_wconf 81' lang='lat' dir='ltr'>Phaedn&#39;a</span> 
     </span>
     <span class='ocr_line' id='line_1_9' title="bbox 411 661 1315 702; baseline 0 -8"><span class='ocrx_word' id='word_1_56' title='bbox 411 661 531 694; x_wconf 76' lang='lat' dir='ltr'>Tulerit</span> <span class='ocrx_word' id='word_1_57' title='bbox 554 671 637 695; x_wconf 86' lang='lat' dir='ltr'>neve</span> <span class='ocrx_word' id='word_1_58' title='bbox 661 661 819 694; x_wconf 87' lang='lat' dir='ltr'>aliorsum</span> <span class='ocrx_word' id='word_1_59' title='bbox 842 663 942 702; x_wconf 79' lang='lat' dir='ltr'>atque</span> <span class='ocrx_word' id='word_1_60' title='bbox 966 671 1026 702; x_wconf 85' lang='lat' dir='ltr'>ego</span> <span class='ocrx_word' id='word_1_61' title='bbox 1058 661 1121 694; x_wconf 83' lang='lat' dir='ltr'>feci</span> <span class='ocrx_word' id='word_1_62' title='bbox 1152 661 1315 702; x_wconf 65' lang='lat' dir='ltr'>acceperit.</span> 
     </span>
     <span class='ocr_line' id='line_1_10' title="bbox 291 714 1313 755; baseline 0 -8"><span class='ocrx_word' id='word_1_63' title='bbox 291 715 341 748; x_wconf 92' lang='lat' dir='ltr'>Pl.</span> <span class='ocrx_word' id='word_1_64' title='bbox 359 715 458 748; x_wconf 88' lang='lat' dir='ltr'>Merc.</span> <span class='ocrx_word' id='word_1_65' title='bbox 477 715 544 748; x_wconf 87' lang='lat'>700</span> <span class='ocrx_word' id='word_1_66' title='bbox 560 724 624 755; x_wconf 88' lang='lat' dir='ltr'>sq.:</span> <span class='ocrx_word' id='word_1_67' title='bbox 650 714 804 748; x_wconf 83' lang='lat' dir='ltr'>Miserior</span> <span class='ocrx_word' id='word_1_68' title='bbox 818 714 936 748; x_wconf 86' lang='lat' dir='ltr'>mulier</span> <span class='ocrx_word' id='word_1_69' title='bbox 951 724 1002 747; x_wconf 91' lang='lat' dir='ltr'>me</span> <span class='ocrx_word' id='word_1_70' title='bbox 1019 724 1080 748; x_wconf 92' lang='lat' dir='ltr'>nec</span> <span class='ocrx_word' id='word_1_71' title='bbox 1095 715 1154 748; x_wconf 88' lang='lat' dir='ltr'>fiet</span> <span class='ocrx_word' id='word_1_72' title='bbox 1165 724 1227 748; x_wconf 90' lang='lat' dir='ltr'>nec</span> <span class='ocrx_word' id='word_1_73' title='bbox 1239 714 1313 755; x_wconf 86' lang='lat' dir='ltr'>fuit,</span> 
     </span>
     <span class='ocr_line' id='line_1_11' title="bbox 412 768 886 809; baseline 0 -8"><span class='ocrx_word' id='word_1_74' title='bbox 412 768 487 801; x_wconf 85' lang='lat' dir='ltr'>Tali</span> <span class='ocrx_word' id='word_1_75' title='bbox 511 768 581 802; x_wconf 89' lang='lat' dir='ltr'>viro</span> <span class='ocrx_word' id='word_1_76' title='bbox 605 778 689 809; x_wconf 83' lang='lat' dir='ltr'>quae</span> <span class='ocrx_word' id='word_1_77' title='bbox 712 770 886 809; x_wconf 73' lang='lat' dir='ltr'>napserim.</span> 
     </span>
     <span class='ocr_line' id='line_1_12' title="bbox 336 821 1316 864; baseline 0 -9"><span class='ocrx_word' id='word_1_78' title='bbox 336 821 554 855; x_wconf 84' lang='lat' dir='ltr'>Enuntiatum</span> <span class='ocrx_word' id='word_1_79' title='bbox 576 822 753 856; x_wconf 82' lang='lat' dir='ltr'>relativum</span> <span class='ocrx_word' id='word_1_80' title='bbox 774 831 847 855; x_wconf 89' lang='lat' dir='ltr'>cum</span> <span class='ocrx_word' id='word_1_81' title='bbox 867 823 956 864; x_wconf 86' lang='lat' dir='ltr'>„me“</span> <span class='ocrx_word' id='word_1_82' title='bbox 981 822 1138 864; x_wconf 83' lang='lat' dir='ltr'>ablativo,</span> <span class='ocrx_word' id='word_1_83' title='bbox 1163 822 1219 863; x_wconf 89' lang='lat' dir='ltr'>qui</span> <span class='ocrx_word' id='word_1_84' title='bbox 1242 832 1316 855; x_wconf 86' lang='lat' dir='ltr'>sen-</span> 
     </span>
     <span class='ocr_line' id='line_1_13' title="bbox 251 875 1313 917; baseline 0.001 -9"><span class='ocrx_word' id='word_1_85' title='bbox 251 875 390 909; x_wconf 79' lang='lat' dir='ltr'><strong>tentiam</strong></span> <span class='ocrx_word' id='word_1_86' title='bbox 416 885 533 917; x_wconf 80' lang='lat' dir='ltr'>„quam</span> <span class='ocrx_word' id='word_1_87' title='bbox 557 885 617 917; x_wconf 82' lang='lat' dir='ltr'>ego</span> <span class='ocrx_word' id='word_1_88' title='bbox 642 876 733 908; x_wconf 78' lang='lat' dir='ltr'>sum“</span> <span class='ocrx_word' id='word_1_89' title='bbox 761 875 979 917; x_wconf 81' lang='lat' dir='ltr'>amplectitur,</span> <span class='ocrx_word' id='word_1_90' title='bbox 1013 875 1222 909; x_wconf 86' lang='lat' dir='ltr'>coniunctum</span> <span class='ocrx_word' id='word_1_91' title='bbox 1252 879 1313 909; x_wconf 84' lang='lat' dir='ltr'>est.</span> 
     </span>
     <span class='ocr_line' id='line_1_14' title="bbox 295 930 1317 971; baseline 0 -8"><span class='ocrx_word' id='word_1_92' title='bbox 295 931 367 963; x_wconf 83' lang='lat' dir='ltr'>Ter.</span> <span class='ocrx_word' id='word_1_93' title='bbox 393 931 515 963; x_wconf 86' lang='lat' dir='ltr'>Heaut.</span> <span class='ocrx_word' id='word_1_94' title='bbox 531 930 612 963; x_wconf 87' lang='lat'>554:</span> <span class='ocrx_word' id='word_1_95' title='bbox 637 930 751 970; x_wconf 85' lang='lat' dir='ltr'>Neque</span> <span class='ocrx_word' id='word_1_96' title='bbox 775 939 814 963; x_wconf 90' lang='lat' dir='ltr'>eo</span> <span class='ocrx_word' id='word_1_97' title='bbox 834 939 921 963; x_wconf 90' lang='lat' dir='ltr'>nunc</span> <span class='ocrx_word' id='word_1_98' title='bbox 944 930 1028 971; x_wconf 87' lang='lat' dir='ltr'>dico,</span> <span class='ocrx_word' id='word_1_99' title='bbox 1053 940 1116 971; x_wconf 92' lang='lat' dir='ltr'>quo</span> <span class='ocrx_word' id='word_1_100' title='bbox 1143 930 1317 971; x_wconf 82' lang='lat' dir='ltr'>quicquam</span> 
     </span>
     <span class='ocr_line' id='line_1_15' title="bbox 953 983 1227 1017; baseline 0.004 -1"><span class='ocrx_word' id='word_1_101' title='bbox 953 983 1046 1016; x_wconf 88' lang='lat' dir='ltr'>illum</span> <span class='ocrx_word' id='word_1_102' title='bbox 1069 984 1227 1017; x_wconf 77' lang='lat' dir='ltr'>senserim.</span> 
     </span>
     <span class='ocr_line' id='line_1_16' title="bbox 291 1037 1316 1079; baseline 0.001 -9"><span class='ocrx_word' id='word_1_103' title='bbox 291 1038 341 1070; x_wconf 91' lang='lat' dir='ltr'>Pl.</span> <span class='ocrx_word' id='word_1_104' title='bbox 356 1037 445 1070; x_wconf 82' lang='lat' dir='ltr'>Trin.</span> <span class='ocrx_word' id='word_1_105' title='bbox 464 1039 545 1071; x_wconf 85' lang='lat'>207:</span> <span class='ocrx_word' id='word_1_106' title='bbox 569 1037 686 1071; x_wconf 86' lang='lat' dir='ltr'>Sciunt</span> <span class='ocrx_word' id='word_1_107' title='bbox 701 1037 779 1078; x_wconf 89' lang='lat' dir='ltr'>quid</span> <span class='ocrx_word' id='word_1_108' title='bbox 791 1037 826 1069; x_wconf 91' lang='lat' dir='ltr'>in</span> <span class='ocrx_word' id='word_1_109' title='bbox 843 1047 955 1070; x_wconf 83' lang='lat' dir='ltr'>aurem</span> <span class='ocrx_word' id='word_1_110' title='bbox 972 1047 1031 1070; x_wconf 87' lang='lat' dir='ltr'>rex</span> <span class='ocrx_word' id='word_1_111' title='bbox 1042 1037 1178 1079; x_wconf 80' lang='lat' dir='ltr'>reginae</span> <span class='ocrx_word' id='word_1_112' title='bbox 1190 1038 1316 1072; x_wconf 75' lang='lat' dir='ltr'>dixerit.</span> 
     </span>
     <span class='ocr_line' id='line_1_17' title="bbox 294 1090 1179 1132; baseline 0.001 -9"><span class='ocrx_word' id='word_1_113' title='bbox 294 1091 367 1124; x_wconf 81' lang='lat' dir='ltr'>Ter.</span> <span class='ocrx_word' id='word_1_114' title='bbox 392 1092 493 1124; x_wconf 88' lang='lat' dir='ltr'>Andr.</span> <span class='ocrx_word' id='word_1_115' title='bbox 519 1091 561 1124; x_wconf 93' lang='lat'>35</span> <span class='ocrx_word' id='word_1_116' title='bbox 586 1100 674 1132; x_wconf 83' lang='lat' dir='ltr'>sqq.:</span> <span class='ocrx_word' id='word_1_117' title='bbox 700 1101 721 1124; x_wconf 83' lang='lat' dir='ltr'>a</span> <span class='ocrx_word' id='word_1_118' title='bbox 744 1090 880 1132; x_wconf 81' lang='lat' dir='ltr'>parvolo</span> <span class='ocrx_word' id='word_1_119' title='bbox 905 1094 943 1123; x_wconf 89' lang='lat' dir='ltr'>ut</span> <span class='ocrx_word' id='word_1_120' title='bbox 967 1100 1095 1132; x_wconf 87' lang='lat' dir='ltr'>semper</span> <span class='ocrx_word' id='word_1_121' title='bbox 1112 1091 1179 1124; x_wconf 77' lang='lat' dir='ltr'>tibi</span> 
     </span>
     <span class='ocr_line' id='line_1_18' title="bbox 407 1144 1206 1186; baseline 0 -9"><span class='ocrx_word' id='word_1_122' title='bbox 407 1146 499 1186; x_wconf 90' lang='lat' dir='ltr'>Aput</span> <span class='ocrx_word' id='word_1_123' title='bbox 522 1154 573 1178; x_wconf 88' lang='lat' dir='ltr'>me</span> <span class='ocrx_word' id='word_1_124' title='bbox 596 1144 686 1177; x_wconf 81' lang='lat' dir='ltr'>iusta</span> <span class='ocrx_word' id='word_1_125' title='bbox 709 1147 744 1177; x_wconf 88' lang='lat' dir='ltr'>et</span> <span class='ocrx_word' id='word_1_126' title='bbox 772 1144 916 1177; x_wconf 84' lang='lat' dir='ltr'>clemens</span> <span class='ocrx_word' id='word_1_127' title='bbox 937 1144 1037 1184; x_wconf 64' lang='lat' dir='ltr'>fuerit</span> <span class='ocrx_word' id='word_1_128' title='bbox 1061 1144 1206 1179; x_wconf 86' lang='lat' dir='ltr'>servitus</span> 
     </span>
     <span class='ocr_line' id='line_1_19' title="bbox 411 1198 492 1232; baseline -0.012 0"><span class='ocrx_word' id='word_1_129' title='bbox 411 1198 492 1232; x_wconf 88' lang='lat' dir='ltr'>Scis.</span> 
     </span>
     <span class='ocr_line' id='line_1_20' title="bbox 337 1251 1313 1286; baseline -0.002 0"><span class='ocrx_word' id='word_1_130' title='bbox 337 1254 367 1286; x_wconf 83' lang='lat'>2.</span> <span class='ocrx_word' id='word_1_131' title='bbox 416 1253 536 1285; x_wconf 59' lang='lat' dir='ltr'>Futura·</span> <span class='ocrx_word' id='word_1_132' title='bbox 565 1251 767 1286; x_wconf 86' lang='lat' dir='ltr'>coniunctivi</span> <span class='ocrx_word' id='word_1_133' title='bbox 798 1251 1043 1285; x_wconf 82' lang='lat' dir='ltr'>circumlocutio</span> <span class='ocrx_word' id='word_1_134' title='bbox 1074 1252 1126 1285; x_wconf 87' lang='lat' dir='ltr'>his</span> <span class='ocrx_word' id='word_1_135' title='bbox 1157 1252 1240 1286; x_wconf 90' lang='lat' dir='ltr'>locis</span> <span class='ocrx_word' id='word_1_136' title='bbox 1263 1252 1313 1285; x_wconf 89' lang='lat' dir='ltr'>in-</span> 
     </span>
     <span class='ocr_line' id='line_1_21' title="bbox 249 1306 625 1340; baseline -0.021 0"><span class='ocrx_word' id='word_1_137' title='bbox 249 1306 397 1340; x_wconf 87' lang='lat' dir='ltr'>venitur:</span> <span class='ocrx_word' id='word_1_138' title='bbox 620 1328 625 1332; x_wconf 81' lang='grc'>.</span> 
     </span>
     <span class='ocr_line' id='line_1_22' title="bbox 292 1358 1189 1400; baseline 0.001 -8"><span class='ocrx_word' id='word_1_139' title='bbox 292 1360 340 1393; x_wconf 91' lang='lat' dir='ltr'>Pl.</span> <span class='ocrx_word' id='word_1_140' title='bbox 365 1359 460 1400; x_wconf 89' lang='lat' dir='ltr'>Epid.</span> <span class='ocrx_word' id='word_1_141' title='bbox 487 1360 570 1392; x_wconf 85' lang='lat'><strong>377:</strong></span> <span class='ocrx_word' id='word_1_142' title='bbox 595 1359 688 1392; x_wconf 87' lang='lat' dir='ltr'>Haec</span> <span class='ocrx_word' id='word_1_143' title='bbox 712 1358 806 1392; x_wconf 85' lang='lat' dir='ltr'>scitis</span> <span class='ocrx_word' id='word_1_144' title='bbox 828 1358 894 1392; x_wconf 81' lang='lat' dir='ltr'>iam</span> <span class='ocrx_word' id='word_1_145' title='bbox 917 1362 956 1392; x_wconf 93' lang='lat' dir='ltr'>ut</span> <span class='ocrx_word' id='word_1_146' title='bbox 978 1359 1094 1400; x_wconf 77' lang='lat' dir='ltr'>futura</span> <span class='ocrx_word' id='word_1_147' title='bbox 1116 1360 1189 1393; x_wconf 76' lang='lat' dir='ltr'>sint.</span> 
     </span>
     <span class='ocr_line' id='line_1_23' title="bbox 359 1412 1016 1453; baseline 0 -8"><span class='ocrx_word' id='word_1_148' title='bbox 359 1414 458 1446; x_wconf 90' lang='lat' dir='ltr'>Merc.</span> <span class='ocrx_word' id='word_1_149' title='bbox 484 1413 568 1446; x_wconf 83' lang='lat'>572:</span> <span class='ocrx_word' id='word_1_150' title='bbox 594 1412 667 1446; x_wconf 84' lang='lat' dir='ltr'>Scis</span> <span class='ocrx_word' id='word_1_151' title='bbox 690 1412 768 1453; x_wconf 86' lang='lat' dir='ltr'>quid</span> <span class='ocrx_word' id='word_1_152' title='bbox 790 1415 923 1446; x_wconf 75' lang='lat' dir='ltr'>aeturus</span> <span class='ocrx_word' id='word_1_153' title='bbox 945 1413 1016 1446; x_wconf 82' lang='lat' dir='ltr'>sim.</span> 
     </span>
     <span class='ocr_line' id='line_1_24' title="bbox 359 1466 1316 1508; baseline 0.001 -9"><span class='ocrx_word' id='word_1_154' title='bbox 359 1467 459 1499; x_wconf 89' lang='lat' dir='ltr'>Poen.</span> <span class='ocrx_word' id='word_1_155' title='bbox 485 1468 567 1500; x_wconf 87' lang='lat'><strong>817:</strong></span> <span class='ocrx_word' id='word_1_156' title='bbox 604 1466 781 1508; x_wconf 82' lang='lat' dir='ltr'>Exspecto,</span> <span class='ocrx_word' id='word_1_157' title='bbox 816 1475 879 1507; x_wconf 89' lang='lat' dir='ltr'>quo</span> <span class='ocrx_word' id='word_1_158' title='bbox 912 1469 1010 1507; x_wconf 89' lang='lat' dir='ltr'>pacto</span> <span class='ocrx_word' id='word_1_159' title='bbox 1042 1476 1135 1500; x_wconf 84' lang='lat' dir='ltr'>meae</span> <span class='ocrx_word' id='word_1_160' title='bbox 1164 1467 1316 1500; x_wconf 81' lang='lat' dir='ltr'>techinae</span> 
     </span>
     <span class='ocr_line' id='line_1_25' title="bbox 908 1522 1227 1561; baseline 0.003 -8"><span class='ocrx_word' id='word_1_161' title='bbox 908 1531 1117 1561; x_wconf 76' lang='lat' dir='ltr'>processurae</span> <span class='ocrx_word' id='word_1_162' title='bbox 1138 1522 1227 1554; x_wconf 78' lang='lat' dir='ltr'>sient.</span> 
     </span>
     <span class='ocr_line' id='line_1_26' title="bbox 360 1574 1047 1615; baseline 0 -8"><span class='ocrx_word' id='word_1_163' title='bbox 360 1575 454 1607; x_wconf 82' lang='lat' dir='ltr'>Truc.</span> <span class='ocrx_word' id='word_1_164' title='bbox 480 1575 545 1607; x_wconf 93' lang='lat'>337</span> <span class='ocrx_word' id='word_1_165' title='bbox 570 1583 633 1615; x_wconf 90' lang='lat' dir='ltr'>sq.:</span> <span class='ocrx_word' id='word_1_166' title='bbox 660 1574 754 1614; x_wconf 85' lang='lat' dir='ltr'>quasi</span> <span class='ocrx_word' id='word_1_167' title='bbox 778 1574 914 1608; x_wconf 87' lang='lat' dir='ltr'>volturii</span> <span class='ocrx_word' id='word_1_168' title='bbox 939 1574 1047 1608; x_wconf 88' lang='lat' dir='ltr'>triduo</span> 
     </span>
     <span class='ocr_line' id='line_1_27' title="bbox 407 1627 1191 1671; baseline 0.003 -12"><span class='ocrx_word' id='word_1_169' title='bbox 407 1627 505 1660; x_wconf 85' lang='lat' dir='ltr'>Prius</span> <span class='ocrx_word' id='word_1_170' title='bbox 527 1627 761 1668; x_wconf 80' lang='lat' dir='ltr'>praedivinant</span> <span class='ocrx_word' id='word_1_171' title='bbox 784 1637 847 1668; x_wconf 89' lang='lat' dir='ltr'>quo</span> <span class='ocrx_word' id='word_1_172' title='bbox 872 1627 925 1661; x_wconf 89' lang='lat' dir='ltr'>die</span> <span class='ocrx_word' id='word_1_173' title='bbox 948 1628 1051 1661; x_wconf 82' lang='lat' dir='ltr'>essuri</span> <span class='ocrx_word' id='word_1_174' title='bbox 1073 1629 1191 1671; x_wconf 72' lang='lat' dir='ltr'>sient.2)</span> 
     </span>
    </p>
   </div>
   <div class='ocr_carea' id='block_1_3' title="bbox 251 1698 328 1701">
    <p class='ocr_par' dir='ltr' id='par_1_3' title="bbox 251 1698 328 1701">
     <span class='ocr_line' id='line_1_28' title="bbox 251 1698 328 1701; baseline 0 0"><span class='ocrx_word' id='word_1_175' title='bbox 251 1698 328 1701; x_wconf 95' lang='lat' dir='ltr'> </span> 
     </span>
    </p>
   </div>
   <div class='ocr_carea' id='block_1_4' title="bbox 330 1697 463 1700">
    <p class='ocr_par' dir='ltr' id='par_1_4' title="bbox 330 1697 463 1700">
     <span class='ocr_line' id='line_1_29' title="bbox 330 1697 463 1700; baseline 0 0"><span class='ocrx_word' id='word_1_176' title='bbox 330 1697 463 1700; x_wconf 95' lang='lat' dir='ltr'> </span> 
     </span>
    </p>
   </div>
   <div class='ocr_carea' id='block_1_5' title="bbox 268 1726 1318 2165">
    <p class='ocr_par' dir='ltr' id='par_1_5' title="bbox 268 1726 1312 1806">
     <span class='ocr_line' id='line_1_30' title="bbox 268 1726 1312 1761; baseline 0 -8"><span class='ocrx_word' id='word_1_177' title='bbox 268 1728 288 1760; x_wconf 91' lang='lat'>¹)</span> <span class='ocrx_word' id='word_1_178' title='bbox 316 1727 444 1754; x_wconf 87' lang='lat' dir='ltr'>Brixium</span> <span class='ocrx_word' id='word_1_179' title='bbox 463 1735 561 1761; x_wconf 84' lang='lat' dir='ltr'>sequor</span> <span class='ocrx_word' id='word_1_180' title='bbox 580 1726 687 1760; x_wconf 81' lang='lat' dir='ltr'>„illam“</span> <span class='ocrx_word' id='word_1_181' title='bbox 709 1728 862 1753; x_wconf 76' lang='lat' dir='ltr'>servantem</span> <span class='ocrx_word' id='word_1_182' title='bbox 880 1726 970 1754; x_wconf 88' lang='lat' dir='ltr'>deleto</span> <span class='ocrx_word' id='word_1_183' title='bbox 988 1726 1074 1760; x_wconf 76' lang='lat' dir='ltr'>,‚iam“</span> <span class='ocrx_word' id='word_1_184' title='bbox 1089 1726 1198 1760; x_wconf 85' lang='lat' dir='ltr'>(Philol.</span> <span class='ocrx_word' id='word_1_185' title='bbox 1212 1727 1262 1753; x_wconf 81' lang='lat' dir='ltr'>vol.</span> <span class='ocrx_word' id='word_1_186' title='bbox 1277 1727 1312 1753; x_wconf 84' lang='lat'>12</span> 
     </span>
     <span class='ocr_line' id='line_1_31' title="bbox 322 1772 594 1806; baseline -0.004 -7"><span class='ocrx_word' id='word_1_187' title='bbox 322 1773 356 1806; x_wconf 84' lang='lat' dir='ltr'>[a.</span> <span class='ocrx_word' id='word_1_188' title='bbox 377 1772 457 1805; x_wconf 83' lang='grc'><strong>1857]</strong></span> <span class='ocrx_word' id='word_1_189' title='bbox 478 1780 504 1806; x_wconf 87' lang='lat' dir='ltr'>p.</span> <span class='ocrx_word' id='word_1_190' title='bbox 523 1772 594 1804; x_wconf 79' lang='lat'>654.)</span> 
     </span>
    </p>

    <p class='ocr_par' dir='ltr' id='par_1_6' title="bbox 268 1816 1318 2165">
     <span class='ocr_line' id='line_1_32' title="bbox 268 1816 1316 1851; baseline -0.001 -7"><span class='ocrx_word' id='word_1_191' title='bbox 268 1818 289 1851; x_wconf 69' lang='lat'>²)</span> <span class='ocrx_word' id='word_1_192' title='bbox 318 1817 371 1844; x_wconf 88' lang='lat' dir='ltr'>Pro</span> <span class='ocrx_word' id='word_1_193' title='bbox 391 1817 515 1844; x_wconf 86' lang='lat' dir='ltr'>codicum</span> <span class='ocrx_word' id='word_1_194' title='bbox 534 1817 652 1844; x_wconf 85' lang='lat' dir='ltr'>lectione</span> <span class='ocrx_word' id='word_1_195' title='bbox 671 1825 740 1851; x_wconf 83' lang='lat' dir='ltr'>„quo</span> <span class='ocrx_word' id='word_1_196' title='bbox 753 1816 798 1844; x_wconf 87' lang='lat' dir='ltr'>die</span> <span class='ocrx_word' id='word_1_197' title='bbox 812 1816 886 1843; x_wconf 80' lang='lat' dir='ltr'>eusi‘⁴</span> <span class='ocrx_word' id='word_1_198' title='bbox 905 1816 979 1844; x_wconf 86' lang='lat' dir='ltr'>Frid.</span> <span class='ocrx_word' id='word_1_199' title='bbox 993 1816 1102 1843; x_wconf 84' lang='lat' dir='ltr'>Schoell</span> <span class='ocrx_word' id='word_1_200' title='bbox 1115 1816 1198 1851; x_wconf 79' lang='lat' dir='ltr'>„quid</span> <span class='ocrx_word' id='word_1_201' title='bbox 1212 1824 1316 1844; x_wconf 81' lang='lat' dir='ltr'>eomes-</span> 
     </span>
     <span class='ocr_line' id='line_1_33' title="bbox 320 1861 1318 1896; baseline 0 -8"><span class='ocrx_word' id='word_1_202' title='bbox 320 1862 393 1888; x_wconf 76' lang='lat' dir='ltr'>suri“</span> <span class='ocrx_word' id='word_1_203' title='bbox 412 1861 556 1895; x_wconf 76' lang='lat' dir='ltr'>proposuit</span> <span class='ocrx_word' id='word_1_204' title='bbox 575 1862 604 1888; x_wconf 79' lang='lat' dir='ltr'>et</span> <span class='ocrx_word' id='word_1_205' title='bbox 624 1861 654 1888; x_wconf 91' lang='lat' dir='ltr'>in</span> <span class='ocrx_word' id='word_1_206' title='bbox 678 1863 788 1889; x_wconf 80' lang='lat' dir='ltr'>textum</span> <span class='ocrx_word' id='word_1_207' title='bbox 809 1862 923 1896; x_wconf 83' lang='lat' dir='ltr'>recepit.</span> <span class='ocrx_word' id='word_1_208' title='bbox 947 1861 1053 1893; x_wconf 79' lang='lat' dir='ltr'>Quibus</span> <span class='ocrx_word' id='word_1_209' title='bbox 1081 1869 1117 1888; x_wconf 75' lang='lat' dir='ltr'>ex</span> <span class='ocrx_word' id='word_1_210' title='bbox 1140 1861 1231 1888; x_wconf 80' lang='lat' dir='ltr'>verbis</span> <span class='ocrx_word' id='word_1_211' title='bbox 1258 1861 1283 1888; x_wconf 83' lang='lat' dir='ltr'>si</span> <span class='ocrx_word' id='word_1_212' title='bbox 1301 1869 1318 1888; x_wconf 79' lang='lat' dir='ltr'><strong>a</strong></span> 
     </span>
     <span class='ocr_line' id='line_1_34' title="bbox 319 1905 1314 1941; baseline 0 -9"><span class='ocrx_word' id='word_1_213' title='bbox 319 1906 419 1933; x_wconf 77' lang='lat' dir='ltr'>Plauto</span> <span class='ocrx_word' id='word_1_214' title='bbox 440 1906 545 1940; x_wconf 82' lang='lat' dir='ltr'>scripta</span> <span class='ocrx_word' id='word_1_215' title='bbox 564 1906 621 1933; x_wconf 83' lang='lat' dir='ltr'>sint</span> <span class='ocrx_word' id='word_1_216' title='bbox 641 1906 773 1941; x_wconf 86' lang='lat' dir='ltr'>quomodo</span> <span class='ocrx_word' id='word_1_217' title='bbox 786 1906 835 1933; x_wconf 89' lang='lat' dir='ltr'>illa</span> <span class='ocrx_word' id='word_1_218' title='bbox 847 1906 979 1933; x_wconf 84' lang='lat' dir='ltr'>librorum</span> <span class='ocrx_word' id='word_1_219' title='bbox 992 1906 1050 1932; x_wconf 81' lang='lat' dir='ltr'>sint</span> <span class='ocrx_word' id='word_1_220' title='bbox 1063 1905 1138 1932; x_wconf 75' lang='lat' dir='ltr'>facta</span> <span class='ocrx_word' id='word_1_221' title='bbox 1149 1906 1314 1939; x_wconf 81' lang='lat' dir='ltr'>intellegere</span> 
     </span>
     <span class='ocr_line' id='line_1_35' title="bbox 320 1950 1314 1985; baseline 0 -8"><span class='ocrx_word' id='word_1_222' title='bbox 320 1959 374 1977; x_wconf 84' lang='lat' dir='ltr'>non</span> <span class='ocrx_word' id='word_1_223' title='bbox 392 1958 512 1984; x_wconf 83' lang='lat' dir='ltr'>possum.</span> <span class='ocrx_word' id='word_1_224' title='bbox 549 1950 603 1977; x_wconf 88' lang='lat' dir='ltr'>Sed</span> <span class='ocrx_word' id='word_1_225' title='bbox 622 1952 655 1977; x_wconf 81' lang='lat' dir='ltr'>ut</span> <span class='ocrx_word' id='word_1_226' title='bbox 674 1950 767 1977; x_wconf 74' lang='lat' dir='ltr'>eadam</span> <span class='ocrx_word' id='word_1_227' title='bbox 786 1951 893 1977; x_wconf 80' lang='lat' dir='ltr'>ratione</span> <span class='ocrx_word' id='word_1_228' title='bbox 915 1951 1007 1977; x_wconf 81' lang='lat' dir='ltr'>motus</span> <span class='ocrx_word' id='word_1_229' title='bbox 1026 1950 1140 1984; x_wconf 84' lang='lat' dir='ltr'>Bergkii</span> <span class='ocrx_word' id='word_1_230' title='bbox 1165 1950 1215 1984; x_wconf 79' lang='lat' dir='ltr'>„de</span> <span class='ocrx_word' id='word_1_231' title='bbox 1234 1950 1314 1985; x_wconf 83' lang='lat' dir='ltr'>quoio</span> 
     </span>
     <span class='ocr_line' id='line_1_36' title="bbox 322 1994 1316 2030; baseline 0.001 -9"><span class='ocrx_word' id='word_1_232' title='bbox 322 1994 427 2021; x_wconf 73' lang='lat' dir='ltr'>cssuri¹⁴</span> <span class='ocrx_word' id='word_1_233' title='bbox 446 1996 475 2021; x_wconf 87' lang='lat' dir='ltr'>et</span> <span class='ocrx_word' id='word_1_234' title='bbox 492 1995 592 2022; x_wconf 82' lang='lat' dir='ltr'>Loewii</span> <span class='ocrx_word' id='word_1_235' title='bbox 611 2003 680 2030; x_wconf 86' lang='lat' dir='ltr'>„quo</span> <span class='ocrx_word' id='word_1_236' title='bbox 700 1996 759 2022; x_wconf 87' lang='lat' dir='ltr'>loco</span> <span class='ocrx_word' id='word_1_237' title='bbox 780 1995 885 2022; x_wconf 61' lang='lat' dir='ltr'>assurr‘</span> <span class='ocrx_word' id='word_1_238' title='bbox 907 1995 1080 2022; x_wconf 80' lang='lat' dir='ltr'>coniecturas</span> <span class='ocrx_word' id='word_1_239' title='bbox 1100 1995 1234 2027; x_wconf 83' lang='lat' dir='ltr'>omittam,</span> <span class='ocrx_word' id='word_1_240' title='bbox 1248 1994 1316 2022; x_wconf 87' lang='lat' dir='ltr'>mihi</span> 
     </span>
     <span class='ocr_line' id='line_1_37' title="bbox 321 2038 1317 2075; baseline 0 -9"><span class='ocrx_word' id='word_1_241' title='bbox 321 2039 430 2075; x_wconf 86' lang='lat' dir='ltr'>quidem</span> <span class='ocrx_word' id='word_1_242' title='bbox 450 2047 519 2073; x_wconf 90' lang='lat' dir='ltr'>„quo</span> <span class='ocrx_word' id='word_1_243' title='bbox 537 2039 598 2066; x_wconf 83' lang='lat' dir='ltr'>dio“</span> <span class='ocrx_word' id='word_1_244' title='bbox 625 2039 697 2074; x_wconf 82' lang='lat' dir='ltr'>quod</span> <span class='ocrx_word' id='word_1_245' title='bbox 720 2040 785 2067; x_wconf 86' lang='lat' dir='ltr'>libri</span> <span class='ocrx_word' id='word_1_246' title='bbox 811 2039 927 2066; x_wconf 75' lang='lat' dir='ltr'>tradunt</span> <span class='ocrx_word' id='word_1_247' title='bbox 951 2047 1032 2074; x_wconf 81' lang='lat' dir='ltr'>posse</span> <span class='ocrx_word' id='word_1_248' title='bbox 1059 2038 1171 2067; x_wconf 82' lang='lat' dir='ltr'>defendi</span> <span class='ocrx_word' id='word_1_249' title='bbox 1199 2039 1317 2066; x_wconf 80' lang='lat' dir='ltr'>videtur.</span> 
     </span>
     <span class='ocr_line' id='line_1_38' title="bbox 320 2084 1312 2124; baseline 0 -13"><span class='ocrx_word' id='word_1_250' title='bbox 320 2084 487 2112; x_wconf 82' lang='lat' dir='ltr'>Diniarchus</span> <span class='ocrx_word' id='word_1_251' title='bbox 507 2086 579 2113; x_wconf 83' lang='lat' dir='ltr'>enim</span> <span class='ocrx_word' id='word_1_252' title='bbox 591 2086 640 2112; x_wconf 77' lang='lat' dir='ltr'>illa</span> <span class='ocrx_word' id='word_1_253' title='bbox 652 2086 854 2120; x_wconf 79' lang='lat' dir='ltr'>comparatione</span> <span class='ocrx_word' id='word_1_254' title='bbox 866 2085 1025 2120; x_wconf 81' lang='lat' dir='ltr'>comprobat</span> <span class='ocrx_word' id='word_1_255' title='bbox 1037 2085 1212 2124; x_wconf 77' lang='lat' dir='ltr'>quamobrem</span> <span class='ocrx_word' id='word_1_256' title='bbox 1226 2085 1312 2118; x_wconf 78' lang='lat' dir='ltr'>‚‚ia.m‘⁴</span> 
     </span>
     <span class='ocr_line' id='line_1_39' title="bbox 319 2129 1117 2165; baseline -0.001 -8"><span class='ocrx_word' id='word_1_257' title='bbox 319 2130 495 2164; x_wconf 85' lang='lat' dir='ltr'>potissimum</span> <span class='ocrx_word' id='word_1_258' title='bbox 514 2130 547 2157; x_wconf 84' lang='lat' dir='ltr'>ab</span> <span class='ocrx_word' id='word_1_259' title='bbox 566 2131 624 2158; x_wconf 86' lang='lat' dir='ltr'>illis</span> <span class='ocrx_word' id='word_1_260' title='bbox 642 2130 760 2158; x_wconf 86' lang='lat' dir='ltr'>militem</span> <span class='ocrx_word' id='word_1_261' title='bbox 779 2130 937 2165; x_wconf 74' lang='lat' dir='ltr'>exspectari</span> <span class='ocrx_word' id='word_1_262' title='bbox 956 2129 1117 2157; x_wconf 78' lang='lat' dir='ltr'>contendat.</span> 
     </span>
    </p>
   </div>
  </div>
 </body>
</html>
