1588 2463
747 175 787 207 17

235 273 350 306 credat
373 272 546 314 significet,
578 281 636 313 pro
662 272 858 313 „adportet“
882 272 1063 313 perfectum
1088 272 1158 306 sive
1181 272 1299 313 imper-

235 326 356 362 fectum
373 328 593 367 exspectatur.
625 325 785 368 Equidem
802 327 933 366 poetam
953 345 996 349 —
1017 326 1127 359 nescio
1146 335 1189 359 an
1204 325 1300 359 metri

235 379 435 413 necessitate
450 398 494 403 —
510 378 669 412 aoristum
692 378 876 420 gnomicum
898 378 1031 412 fabulae
1055 379 1204 412 Graecae
1228 379 1300 412 imi-

235 436 341 467 tatum
354 442 426 466 esse
439 433 461 476 ¹)
485 435 579 466 ratus
596 432 801 465 enuntiatum
820 433 1045 466 secundarium
1063 432 1300 466 accommodari

235 487 405 529 praesenti
428 496 469 519 ex
491 486 551 518 illa
575 486 742 519 sententia
769 486 864 528 quasi
888 486 1036 520 effluenti
1061 496 1188 529 „neque
1211 486 1301 529 quis-

235 550 334 583 quam
358 541 428 574 est“
454 539 615 573 existimo.

263 612 313 646 B.
344 612 408 645 Sed
430 611 464 644 in
488 611 600 644 aliis
622 621 750 654 quoque
774 622 814 645 ac
838 611 1058 645 consecutivis
1082 611 1265 645 enuntiatis

291 669 494 703 secundariis
512 670 594 703 haec
612 669 775 710 reperitur
795 669 1027 703 convenientia
1046 672 1247 711 temporumt

278 733 388 766 Aulul.
405 733 488 766 550:
514 733 575 766 Pol
587 741 647 774 ego
655 735 694 765 ut
710 735 744 765 te
761 743 902 765 accusem
922 732 1038 765 merito
1050 752 1092 756 —
1104 732 1300 766 meditabar.

347 795 480 830 Brixius
518 795 704 837 praesentis
744 795 952 829 coniunctivo
1000 795 1144 828 offensus
1192 795 1301 829 deleto

236 850 395 892 „merito“
413 852 448 883 et
467 852 523 891 „te
538 851 596 883 ut“
614 849 772 882 librorum
788 849 901 882 ordine
918 852 1051 883 servato
1069 851 1302 891 „accusarem“

238 904 418 946 proposuit.
449 904 573 945 Magna
597 906 707 936 autem
731 902 922 936 confusione
945 902 1123 936 lectionum
1146 903 1303 936 librorum

235 960 270 991 et
293 958 556 991 coniecturarum
575 957 718 991 virorum
741 957 912 990 doctorum
935 957 969 990 C.
994 957 1103 990 Rothe
1127 956 1169 999 (p.
1189 957 1231 990 27
1255 966 1300 999 sq.

236 1014 304 1045 not.
336 1011 378 1054 1.)
409 1011 450 1044 de
480 1011 542 1044 hoc
571 1019 670 1044 versu
700 1010 865 1044 disseruit.
914 1010 988 1052 Qui,
1019 1011 1105 1053 quod
1132 1010 1304 1044 Acidalius

234 1065 301 1098 iam
323 1064 520 1107 coniecerat,
545 1064 726 1106 „meditor“
747 1065 927 1107 proposuit,
953 1074 1170 1108 „quamquam
1188 1065 1245 1107 qui
1264 1075 1304 1098 ex

237 1119 419 1161 „meditor“
445 1119 569 1152 factum
593 1118 638 1152 sit
660 1119 746 1161 quod
764 1118 858 1152 libris
876 1119 1054 1160 praebetur
1078 1118 1302 1160 ‚‚meditabar“

237 1172 403 1214 explicare
434 1182 499 1206 non
529 1173 662 1214 habet“,
696 1173 811 1205 “mene
844 1173 901 1205 tu”
933 1175 1054 1214 autem,
1087 1182 1172 1215 quae
1203 1173 1305 1206 verba

237 1226 408 1260 Acidalius
429 1236 470 1259 ex
489 1235 580 1259 mera
599 1226 789 1260 coniectura
812 1226 948 1268 addidit,
973 1225 1067 1259 libris
1082 1226 1208 1259 tradita
1232 1235 1304 1259 esse

237 1282 334 1321 putat
357 1289 462 1323 neque
483 1289 518 1313 se
537 1279 732 1321 intellegere
756 1280 846 1322 dicit,
871 1281 1031 1323 quomodo
1056 1289 1097 1314 ea
1119 1280 1154 1313 in
1178 1283 1305 1314 textum

236 1333 453 1376 irrepserintl-
493 1334 558 1367 Sed
585 1334 742 1367 librorum
770 1333 945 1367 lectionem
973 1335 1179 1376 „accusem“,
1207 1344 1304 1377 quam

238 1390 461 1421 servaverunt
472 1388 578 1421 Goetz
593 1390 628 1420 et
643 1388 723 1428 Leo,
742 1396 839 1428 posse
853 1387 984 1420 defendi
996 1387 1148 1421 arbitror.
1188 1387 1305 1421 Euclio

237 1441 324 1474 enim
347 1441 608 1483 interrogatione
624 1441 803 1482 Megadori,
829 1441 983 1484 quoniam
1005 1441 1092 1483 quod
1115 1441 1305 1475 mussitavit

237 1494 272 1528 id
294 1495 506 1536 pronuntiare
529 1504 596 1528 non
620 1494 729 1535 audet,
755 1494 901 1535 paullum
924 1495 1078 1527 turbatus
1100 1497 1136 1528 et
1158 1494 1305 1528 incertus

235 1548 314 1591 quid
336 1549 544 1590 respondeat,
569 1557 689 1582 novam
712 1548 839 1590 fingens
864 1548 1062 1582 sententiam
1085 1548 1195 1582 dicere
1218 1548 1305 1582 hanc

235 1602 352 1643 incipit
375 1605 593 1644 praesentem,
626 1603 684 1636 sed
707 1601 816 1635 animo
841 1602 994 1636 celeriter
1022 1602 1160 1635 collecto
1185 1602 1304 1643 imper-

235 1655 322 1689 fecto
356 1655 580 1697 „meditabar“
617 1655 782 1697 significat
811 1656 897 1689 hanc
927 1665 1000 1689 esse
1032 1655 1231 1689 sententiam
1263 1656 1304 1689 de

236 1718 302 1751 qua
323 1710 522 1751 Megadorus
546 1709 811 1751 interrogaverit.

279 1772 348 1805 Mil.
385 1773 450 1806 963
487 1781 548 1814 sq.:
589 1772 704 1814 Egone
743 1775 782 1805 ut
819 1773 862 1805 ad
899 1775 933 1806 te
968 1773 1010 1805 ab
1041 1772 1198 1806 libertina
1230 1781 1303 1805 esse

803 1827 956 1859 auderem
979 1826 1212 1860 internuntius

503 1888 567 1930 Qui
580 1888 732 1930 ingenuis
745 1888 829 1921 satis
840 1898 1035 1930 responsare
1049 1899 1187 1930 nequeas
1200 1915 1206 1922 .
1221 1914 1228 1922 .
1242 1889 1260 1921 .9

255 2021 276 2053 Ι)
305 2021 346 2048 Cf.
365 2022 448 2049 Isocr.
467 2022 587 2056 Philipp.
606 2022 655 2049 38:
682 2019 771 2055 ἰπῆν
797 2022 827 2048 δὲ
852 2021 941 2050 κακαῖς
958 2022 1083 2056 ἅλλήλους
1109 2022 1302 2054 διαθῶσιν,

305 2065 418 2094 ‹in-'deror
444 2065 597 2096 διαλύοντος
620 2067 698 2093 αυίυἱ
725 2067 918 2099 διέστησαν
963 2069 1060 2101 Areop.
1093 2067 1124 2093 11
1156 2075 1179 2094 c.
1210 2068 1302 2094 annot.

307 2109 338 2137 Ο.
357 2110 514 2138 Schneider.

1129 2170 1146 2195 2
