1588 2463
768 175 809 207 21

347 273 457 306 Codex
486 275 583 306 vetus
606 272 660 316 (Β)
688 272 927 314 „pollicitare“,
951 273 1027 306 libri
1053 274 1144 307 CDa
1175 273 1324 315 „pollici-

261 328 382 368 teres“,
415 326 448 359 in
481 327 511 360 D
545 326 645 360 tertia
676 336 774 360 manu
807 326 841 359 in
873 327 1119 368 „pollicitares“
1152 330 1323 369 mutatum,

261 381 406 414 tradunt.
452 381 527 414 Hac
547 380 689 413 lectione
714 380 960 422 „pollicitares“
987 384 1098 422 spreta
1118 384 1156 414 ut
1179 381 1327 415 efficiant

261 434 514 475 coniunctivum,
539 434 687 467 scribunt
709 433 936 475 ,‚pollicitere“
960 434 1170 468 Hermannus
1193 437 1228 468 et
1250 435 1325 469 Rit-

262 487 413 529 schelius,
444 497 526 530 quos
556 486 794 521 Fleckeisenus
826 490 861 520 et
890 487 1073 521 Lorenzius
1102 489 1207 522 secuti
1238 492 1324 522 sunt.

261 541 326 574 Sed
352 541 578 583 imperfectum
607 540 777 582 scripsisse
805 541 961 574 Plautum
993 541 1072 574 mihi
1102 551 1176 575 esse
1209 542 1325 576 verisi-

260 595 371 629 milius
393 595 533 629 videtur.
558 596 641 628 Nam
657 594 754 628 militi
772 604 807 628 se
830 595 1068 639 reprehendere
1094 604 1223 629 servum
1240 597 1326 639 quod

260 649 384 683 iussum
408 658 501 682 suum
528 648 713 690 neglexerit
736 648 904 681 simulanti
927 649 1110 690 praeterita
1138 649 1226 683 actio
1250 660 1324 691 pro-

260 702 411 736 mittendi
435 704 513 735 ante
537 702 650 736 oculos
673 705 834 736 versatur.
881 702 970 736 Illud
992 705 1102 736 autem
1126 703 1249 736 codicis
1271 704 1326 737 Dc

260 756 517 798 „pollicitares“,
541 756 628 798 quod
649 755 767 797 probat
782 755 992 796 Ribbeckius‚
1018 755 1096 798 quia
1116 755 1228 790 dubito
1250 766 1326 789 num

259 810 404 851 verbum,
429 809 620 851 „pollicit0“
645 808 679 841 in
698 818 760 841 usu
779 808 890 851 fuerit,
914 808 1113 842 reiciendum
1137 819 1210 843 esse
1232 812 1327 843 ratus

260 874 333 898 cum
354 864 468 897 Brixio
493 863 651 906 equidem,
675 865 714 895 ut
736 862 887 896 omittam
911 863 1055 905 Scioppii
1080 863 1326 906 „pollicereris“

259 918 490 958 coniecturam,
514 927 535 950 a
550 916 710 950 Muellero
729 915 1005 959 „pollicitarere“,
1022 918 1245 961 emendante1)
1263 920 1325 951 sto.

258 972 310 1005 Ex
325 981 389 1012 quo
414 970 654 1013 „pollicitare“,
685 969 785 1003 lectio
802 969 925 1003 codicis
946 971 986 1012 B,
1015 970 1173 1004 facillime
1197 971 1327 1013 syllaba

261 1027 338 1067 „re“
365 1024 465 1058 semel
489 1034 510 1057 a
532 1024 667 1057 libran‘o
692 1023 814 1057 omissa
836 1024 908 1057 fieri
930 1024 1048 1065 potuit.

348 1086 522 1121 Sententia
538 1086 734 1120 secundaria
748 1096 814 1119 non
831 1096 872 1120 ex
887 1087 1029 1120 actionis
1049 1087 1224 1128 priman‘ae
1244 1091 1326 1121 tem-

259 1151 339 1184 pore
362 1140 555 1174 enuntiatur
578 1140 675 1183 (quod
697 1140 725 1173 si
748 1141 843 1174 fieret
872 1140 1098 1182 imperfectum
1125 1142 1324 1185 poneretur),

260 1195 318 1228 sed
340 1195 383 1228 ad
405 1194 572 1237 loquentis
595 1198 724 1236 tempus
746 1194 903 1228 refertur:

304 1249 389 1281 Men.
422 1249 487 1281 474
520 1256 584 1290 sq:
620 1248 685 1281 Pro
709 1247 742 1281 di
765 1247 977 1290 immortales,
1002 1248 1078 1291 quoi
1105 1248 1227 1281 homini
1255 1258 1325 1282 um-

973 1311 1070 1344 quam
1094 1311 1158 1335 uno
1182 1302 1235 1335 die

440 1354 525 1388 Boni
548 1354 688 1388 dedistis
710 1355 794 1397 pluS,
818 1355 872 1398 qui
897 1355 1004 1389 minus
1026 1356 1224 1397 speraverit?

302 1409 394 1442 Pers.
419 1410 477 1442 79:
503 1408 623 1451 (visam
645 1408 820 1442 hesternas
841 1409 1014 1453 reliquias)

439 1462 606 1503 Opertaen
629 1462 763 1504 fuerint,
787 1472 829 1495 ne
852 1463 927 1505 quis
949 1463 1164 1504 obreptaverit.

301 1515 401 1548 Poen.
426 1516 491 1548 986
516 1524 579 1558 sq.:
601 1525 677 1549 nam
701 1516 757 1558 qui
780 1516 864 1550 scire
887 1516 989 1558 potui,
1014 1516 1066 1550 dic
1090 1516 1179 1558 mihi,

439 1568 503 1611 Qui
525 1568 608 1602 illim
632 1569 785 1603 sexennis
804 1570 955 1611 perierim
978 1570 1206 1612 Carthagine?

750 1687 822 1728 μ.

344 1753 374 1785 Α
397 1752 543 1794 perfecto
560 1753 727 1795 historico,
751 1755 839 1796 und
854 1754 1033 1795 praeterito
1051 1754 1174 1797 aliquid
1197 1755 1321 1788 factum

255 1815 328 1839 esse
351 1806 509 1848 declarat,
534 1806 800 1848 distinguendum
828 1813 881 1841 est
903 1808 985 1842 illud
1008 1818 1071 1851 quo
1096 1808 1151 1851 qui
1175 1808 1321 1851 loquitur

254 1868 321 1893 non
344 1864 413 1893 tam
436 1860 599 1894 actionem
621 1861 835 1902 praeteritam
858 1871 954 1904 quam
983 1865 1192 1896 eventum
1222 1862 1321 1896 eius

255 1917 541 1954 praesentem
565 1914 739 1956 significat.
778 1916 839 1949 Cui
862 1916 1001 1957 tempori
1025 1919 1079 1949 est
1100 1916 1187 1957 apud
1210 1926 1318 1957 gram-

255 1966 394 2000 maticos
415 1977 532 2002 nomen
563 1968 669 2010 logico
699 1969 769 2003 sive
792 1969 1003 2010 praesentiae
1031 1969 1187 2011 perfecto.
1234 1970 1316 2004 Sen-

292 2100 312 2133 ¹)
340 2100 370 2128 C.
389 2101 419 2128 F.
438 2101 479 2129 W.
497 2101 620 2135 Mueller,
640 2102 764 2137 minutia.
785 2102 924 2138 Ἑϊοῑοῦίε,
942 2111 969 2137 p.
988 2104 1047 2131 630
