1588 2463
784 174 826 207 15

426 269 475 303 B.
513 261 873 311 postssperfeotum
904 270 1186 304 historicum.

316 323 364 356 Pl.
391 323 506 364 Amph.
532 324 598 356 913
623 332 712 366 sqq.:
748 324 821 356 Non
851 324 966 365 edepol
997 333 1060 365 quo
1088 326 1122 357 te
1146 333 1219 357 esse
1244 324 1339 366 inpu-

692 377 798 410 dicam
822 378 975 410 crederem
999 378 1055 420 (sc.
1081 377 1131 411 ita
1154 378 1248 421 dixi):

432 430 553 463 Verum
576 429 786 471 periclitatus
810 439 880 463 sum
904 430 1047 463 animum
1070 433 1161 464 tuom

431 483 517 525 Quid
541 483 663 523 faceres
677 483 720 516 'et
743 493 806 524 quo
830 486 928 524 pacto
952 483 987 517 id
1009 484 1096 517 ferre
1119 485 1293 518 induceres.

315 537 406 570 Cure.
432 538 517 570 684:
541 538 698 570 Pessume
721 537 832 578 metui,
864 547 905 571 ne
928 537 972 570 mi
1005 537 1100 571 hodie
1132 539 1220 579 apud
1242 548 1338 580 prae-

983 593 1087 624 torem
1111 592 1247 625 solveret.
1295 588 1298 592 ’

317 643 404 676 Trin.
433 644 533 676 1142:
559 644 633 676 Meo
651 644 808 685 adlegatu
825 644 926 685 venit,
944 644 1039 685 quasi
1056 644 1111 685 qui
1128 654 1243 678 aurum
1260 645 1339 678 mihi

434 698 546 730 Ferret
569 707 629 738 aps
651 700 695 738 te,
725 698 810 738 quod
834 698 946 731 darem
970 701 1048 731 tuae
1073 701 1195 740 gnatae
1219 699 1338 732 dotem.

316 751 391 784 Ter.
402 751 503 784 Andr.
515 752 595 784 582:
616 751 688 792 Ego
700 751 820 784 dudum
834 761 899 784 non
909 751 990 784 nihil
1005 751 1133 785 veritus
1148 761 1257 786 sum..
1272 779 1278 786 .
1294 761 1336 785 ne

1125 806 1254 846 faceres.

382 858 467 892 Eun.
491 859 556 892 517
582 867 645 899 sq.:
671 858 735 892 Ubi
755 858 866 900 friget,
884 859 947 892 huc
963 859 1081 901 evasit,
1099 869 1197 900 quam
1213 860 1338 901 pridem

1155 916 1252 955 pater

638 965 720 998 Mihi
744 968 779 998 et
800 968 908 999 mater
929 967 1046 999 mortui
1069 970 1177 1000 essent.

383 1018 519 1060 Adelph.
545 1020 626 1053 368:
651 1019 742 1060 Mihi,
767 1020 823 1060 qui
846 1020 881 1053 id.
902 1020 1055 1053 dedissem
1071 1021 1252 1063 consilium,
1270 1021 1340 1063 egit

1111 1074 1249 1116 gratias

461 1152 506 1188 0.
542 1157 618 1194 post
646 1153 1155 1195 plusquamperfectum.

317 1216 366 1248 Pl.
394 1216 496 1249 Stich.
521 1217 587 1249 652
612 1225 676 1257 sq.:
701 1226 777 1249 nam
801 1216 913 1250 Sticho
937 1218 1173 1259 mandaveram,

683 1270 830 1303 Salutem
854 1270 885 1304 ei
908 1274 947 1304 ut
969 1272 1141 1305 nuntiaret.

318 1323 435 1356 Pseud.
460 1323 543 1357 549:
569 1323 656 1366 Quin
671 1333 730 1357 rus
744 1327 783 1356 ut
797 1324 885 1365 irem,
903 1324 969 1358 iam
984 1324 1056 1358 heri
1080 1325 1336 1359 constitiveram.

316 1377 402 1410 Men.
427 1378 492 1410 592
518 1386 579 1420 sq.:
615 1377 697 1410 Plus
723 1377 832 1411 minus
861 1387 959 1421 quam
989 1387 1072 1419 opus
1099 1378 1210 1412 fuerat
1238 1379 1341 1421 dieto‚·

807 1431 954 1465 dixeram
977 1435 1016 1465 ut
1038 1441 1110 1465 eam
1134 1432 1264 1472 sponsio

624 1485 892 1519 Controversiam
914 1486 1031 1527 finiret.
1041 1485 1065 1529 ¹)

293 1617 313 1651 ¹)
341 1616 596 1653 Quomodocumque
609 1619 661 1647 viri
674 1619 831 1647 doctissimi
843 1620 975 1658 versibus,
995 1628 1062 1655 qnos
1081 1620 1205 1654 integros
1218 1620 1337 1647 traditos

341 1670 396 1689 non
422 1671 482 1690 esse
508 1665 633 1697 constat,
652 1665 755 1692 mederi
780 1665 883 1697 volunt,
909 1666 939 1691 et
965 1665 1122 1693 ..dixeram“
1148 1666 1178 1691 et
1203 1665 1338 1697 .‚finirot‘.

341 1707 491 1736 Ritschslii
516 1708 679 1740 emendatio.
704 1710 844 1744 probanda
870 1710 937 1737 mihi
963 1709 1072 1744 quidem
1095 1709 1230 1736 videntur.
1266 1710 1337 1737 Nam

341 1751 534 1780 Menaechmus
554 1761 614 1780 cum
627 1754 661 1780 do
681 1754 792 1781 clientis
810 1754 966 1782 stoliditate
979 1755 1067 1782 iratus
1080 1754 1150 1780 hano
1162 1754 1337 1788 potissimum

342 1798 492 1825 stultitiam
512 1798 571 1825 eius
591 1806 660 1832 quae
681 1798 840 1826 sibi-fuerit
858 1807 947 1826 morae
967 1800 1127 1826 narraturus
1147 1799 1194 1828 sit,
1213 1798 1240 1825 id
1265 1799 1336 1833 quod

341 1842 401 1875 ipso
420 1844 502 1869 antea
521 1843 589 1870 feeit
607 1843 724 1870 celerius
743 1843 772 1870 in
792 1844 961 1877 cogitatione
979 1844 1114 1878 praeterit
1132 1843 1247 1877 ideoque
1261 1844 1337 1877 plus-

342 1887 545 1921 quamperfecto
564 1889 704 1915 memorat.
742 1888 882 1920 „Finirow
908 1896 969 1915 vero
996 1889 1083 1915 solum
1109 1888 1143 1915 ad
1170 1889 1336 1916 sententiam

344 1933 438 1966 aptum
458 1939 525 1960 reor.
563 1931 697 1965 Quidnam
715 1932 891 1960 Menaechmo
911 1934 970 1959 erat
981 1933 1077 1960 maiori
1090 1941 1170 1960 curae
1185 1941 1264 1967 quam
1278 1933 1337 1959 litis

342 1976 405 2003 finis
420 1978 450 2003 ut
463 1976 496 2003 ad
510 1978 619 2011 tempus
638 1979 765 2004 cenatum
785 1977 826 2005 iro
843 1977 961 2011 posset?
992 1978 1044 2004 Sed
1064 1977 1145 2005 facile
1162 1977 1293 2010 ..finirot“
1308 1978 1337 2004 in

342 2021 456 2052 „fiet-ew
476 2022 612 2056 corrumpi
632 2022 731 2056 potuit.
768 2022 878 2054 Littera
897 2022 968 2049 enim
988 2024 1038 2055 „¹1¹⁴
1052 2031 1067 2049 a
1080 2022 1191 2050 librario
1211 2022 1338 2055 neglecta

342 2066 453 2098 ,‚fierot⁴‘
474 2075 522 2101 pro
541 2067 657 2100 ‚,fiiret“‚
684 2069 716 2093 ut
734 2066 845 2093 verbum
872 2067 976 2101 aliquid
998 2067 1176 2101 significaret,
1203 2067 1335 2101 scriptum

342 2119 403 2138 esse
422 2119 535 2139 commo.
