1588 2463
814 174 858 208 20

346 272 454 314 Atque
480 271 631 305 similiter
656 273 756 306 Poen.
781 274 844 306 601
871 282 955 316 sqq.:
986 273 1032 306 Et
1054 274 1183 316 quidem
1211 274 1306 317 quasi
1329 278 1366 308 tu

658 326 827 360 nobiscum
851 326 1032 360 adveniens
1054 327 1150 360 hodie
1174 327 1323 361 oraveris

462 390 616 423 Liberum
648 392 687 423 ut
709 392 999 423 commo-marmus
1025 390 1085 423 tibi
1113 391 1220 424 locum
1247 394 1283 424 et
1309 401 1366 425 vo-

1133 444 1322 487 luptarium,

462 497 527 531 Ubi
552 508 646 539 ames,
664 499 764 538 potes,
782 508 997 540 peryraecere.

347 561 465 594 Pseud.
491 561 555 594 795
580 569 643 603 sq.:
669 560 756 602 Quin
773 560 814 593 ob
837 569 909 593 eam
933 570 1001 593 rem
1025 560 1130 594 Orous
1156 561 1302 603 recipere
1326 562 1368 595 ad

997 623 1031 647 se
1053 614 1139 648 hunc
1161 615 1269 648 noluit

482 668 530 701 Ut
552 669 630 701 esset
650 667 704 701 hic
727 667 783 710 qui
806 667 944 700 mortius
967 677 1081 701 cenam
1104 671 1226 710 coquat.

345 731 419 763 Cas
444 730 506 771 ΙΙΙ,
531 730 561 771 5,
586 731 646 763 44:
675 730 714 763 Id
737 730 800 763 hue
822 730 924 763 missa
948 739 1018 763 sum
1041 730 1102 763 tibi
1124 734 1163 764 ut
1187 732 1330 773 dicerem,
1342 732 1367 771 ¹)

674 783 722 816 Ut
745 793 864 817 caveas.

300 837 334 870 in
358 837 466 878 priore
496 836 626 880 quidem
650 837 822 870 enuntiato
852 837 1045 871 secundario
1075 840 1205 879 tempus
1228 837 1368 871 subiecti

300 890 447 932 primarii
470 892 579 923 mente
603 892 745 932 tenetur,
778 891 835 924 sed
863 890 898 923 in
921 890 1028 924 altero
1056 891 1099 924 ab
1122 891 1179 924 illo
1203 892 1367 933 pendente

300 944 458 985 temporis
473 944 659 985 praesentis
677 953 740 986 quo
759 944 926 977 sententia
944 944 1044 978 etiam
1060 954 1147 978 nune
1169 944 1262 979 valet
1278 944 1366 986 cogi-

301 998 387 1031 tatio
410 998 486 1039 plus
509 1000 628 1039 potest.

390 1061 494 1094 Recte
511 1061 668 1095 Rothium
684 1062 902 1103 explicavisse
919 1072 949 1104 p.
969 1063 989 1095 2
1007 1071 1052 1105 sq.
1071 1063 1168 1095 oredo
1185 1064 1367 1102 temporum

299 1115 498 1148 varietatem
518 1115 568 1149 Pl.
592 1116 678 1149 Men.
705 1116 769 1149 784
793 1125 858 1159 sq.:
883 1116 1036 1159 quotiens
1051 1116 1184 1149 tandem
1200 1124 1261 1157 ego
1279 1115 1366 1149 edixi

1204 1169 1274 1211 tibi,

459 1224 507 1257 Ut
519 1234 652 1265 cavereS,
676 1227 794 1257 neuter
806 1224 849 1257 ad
860 1233 911 1257 me
935 1224 1030 1257 iretis
1042 1234 1116 1257 oum
1138 1223 1366 1266 querimonia?

459 1278 545 1311 Men.
561 1278 642 1311 788:
664 1277 817 1320 quotiens
832 1277 1014 1311 monstravi
1026 1277 1097 1319 tibi,
1110 1277 1182 1311 viro
1194 1280 1233 1311 ut
1244 1286 1365 1310 morem

1158 1331 1277 1373 yeras?

389 1394 452 1427 Illo
477 1393 564 1427 enim
587 1394 659 1427 loco
680 1403 780 1427 senex
802 1397 931 1436 tempus
949 1404 1013 1437 quo
1032 1394 1102 1427 filia
1121 1394 1163 1427 ad
1182 1403 1255 1427 eum
1274 1393 1367 1427 venit

300 1447 436 1489 respicit
459 1447 530 1490 (cfr.
554 1448 573 1489 ξ
597 1449 617 1481 2
640 1449 670 1481 Α
693 1448 813 1481 Bacch.
839 1448 927 1491 676).
966 1447 1233 1489 Interrogatione
1256 1450 1367 1481 autem

301 1501 390 1534 filiae
407 1500 493 1544 „Qui
507 1527 513 1534 .
528 1527 535 1534 .
551 1527 557 1534 .
573 1527 580 1534 .
593 1510 725 1542 possum
734 1503 773 1534 ‘?“
797 1501 956 1543 impulsus
972 1501 1074 1534 iterat
1089 1503 1267 1542 praecepta
1282 1510 1366 1543 quae

301 1563 359 1597 per
381 1564 476 1588 omne
499 1554 699 1588 matrimonii
722 1557 851 1596 tempus
875 1555 1082 1589 observanda
1103 1554 1179 1588 sint.
1188 1555 1215 1598 2)

344 1619 419 1651 Huc
442 1617 587 1659 pertinet

344 1675 413 1709 Mil.
446 1676 489 1717 gl.
525 1676 609 1709 1057
644 1684 709 1718 sq.:
743 1676 896 1719 quotiens
926 1676 988 1709 hoc
1019 1676 1090 1718 tibi,
1123 1677 1272 1717 verbero,
1305 1684 1366 1716 ego

376 1730 380 1734 ”
1111 1729 1277 1771 interdixi,

523 1783 632 1816 Meam
655 1792 697 1816 ne
722 1783 769 1816 sie
791 1783 889 1825 volgo
906 1783 1125 1824 pollicitarere
1146 1793 1287 1825 operam.

332 1895 353 1931 ¹)
371 1896 404 1922 In
423 1895 481 1923 eod.
505 1895 529 1922 A
548 1895 715 1928 „dioo..1n“
738 1903 799 1922 cum
827 1894 917 1929 spatio
940 1895 1054 1922 duarum
1076 1895 1232 1922 litterarum
1256 1894 1367 1928 iegitur,

372 1940 444 1975 quod
469 1949 503 1967 ex
533 1939 684 1973 „dicerem“
711 1941 869 1974 corruptum
892 1948 953 1966 esse
980 1940 1009 1966 in
1037 1940 1181 1974 propatulo
1209 1940 1260 1971 est,
1286 1938 1316 1965 in
1343 1937 1367 1964 B

372 1985 494 2017 „dioam“
514 1986 565 2011 est.
602 1984 694 2019 Atque
717 1985 819 2011 maiore
838 1984 1005 2011 auctoritato
1028 1984 1105 2011 illius
1124 1984 1187 2010 libri
1208 1984 1298 2010 motus
1316 1982 1367 2009 im·

372 2029 524 2063 perfeetum
538 2036 599 2055 oum
614 2028 645 2056 A.
659 2029 804 2062 spongelio
818 2027 1105 2063 (ffleformuoridjlfifle'
1122 2035 1147 2062 p,
1161 2027 1224 2061 359)
1236 2026 1367 2061 praefero,

371 2082 451 2108 quem
469 2073 498 2100 in
516 2074 604 2100 metro
623 2081 728 2107 quoque
747 2080 840 2099 versus
859 2075 971 2099 secutus
990 2081 1058 2099 sum.

333 2119 353 2154 ²)
374 2118 509 2146 Kuehner.
529 2117 546 2143 l.
567 2125 589 2144 c,
609 2118 645 2148 ΙΙ,
665 2117 680 2151 ξ
701 2117 759 2144 181.
777 2118 822 2149 40,
841 2126 866 2152 p.
887 2117 945 2144 782.
