1588 2463
761 176 802 207 12

247 279 317 302 cum
356 271 524 303 sententia
556 281 629 304 cum
661 271 809 312 primarii
842 272 973 305 actione
1005 273 1100 313 quasi
1134 274 1333 316 coalescat,-

246 323 432 365 praesentis
455 324 685 358 coniunctivus
709 325 857 366 sequitur
880 335 1038 367 praesens
1061 326 1217 368 primarii.

292 378 341 410 Pl.
366 377 458 410 Asin.
478 378 541 411 267
557 387 621 419 sq.:
646 378 710 411 Ubi
726 388 788 420 ego
805 388 892 412 nunc
907 379 1069 413 Libanum
1085 380 1313 421 requiram.

399 432 445 464 Ut
457 441 518 473 ego
532 431 608 464 illos
624 432 829 465 lubentiores
844 432 967 472 faciam
978 443 1076 473 quam
1088 434 1289 467 Lubentiast
1297 436 1314 467 ἱ)

357 485 467 518 Α111111.
493 486 558 518 575
576 494 639 526 sq.:
666 486 713 518 Ut
732 495 783 518 me
807 486 945 527 deponat
969 486 1057 529 vino,
1074 497 1148 520 eam
1164 488 1316 521 adfectat

1127 551 1224 574 vlam.

406 593 490 625 Post
512 592 574 626 hoc
597 594 684 633 quod
707 593 812 626 habeo
837 596 875 626 ut
897 596 1052 627 conmutat
1076 594 1247 628 coloniam.

357 645 447 679 Trin.
473 647 554 680 518:
579 647 711 680 Arcano
737 646 797 680 tibi
821 657 881 689 ego
906 647 968 680 hoc
998 647 1081 690 dico,
1113 658 1154 681 ne
1185 648 1243 682 ille
1273 659 1314 682 ex

1076 704 1110 735 te
1134 702 1223 735 sciat.

290 754 365 786 Ter.
377 754 505 788 Phorm.
516 755 582 787 933
594 763 657 795 sq.:
677 754 754 787 Ph.:
775 755 846 788 Fac
857 754 1024 796 periclum.
1038 755 1146 788 Dem.:
1170 756 1217 789 Ut
1226 756 1314 790 filius

381 808 462 840 Cum
472 807 532 840 11111,
540 808 657 841 habitet
666 811 748 849 aput
756 810 806 841 te:
821 808 883 841 hoc
895 811 1041 842 vestrum
1054 809 1227 843 consilium
1239 810 1312 843 fuit.

333 861 386 894 Ad
417 861 625 894 Phormionis
652 862 755 895 verba
787 862 861 904 „fac
890 862 1067 903 periclum“
1105 864 1314 897 enuntiatum

244 915 344 948 finale
371 917 496 957 „ut....
512 918 594 956 aput
616 916 670 949 te“
703 917 931 957 apponendum
962 919 1023 958 est,
1057 926 1123 950 non
1147 918 1189 951 ad
1212 918 1314 951 verba

246 968 427 1009 sequentia.
454 969 613 1010 Demipho
632 969 719 1002 enim
731 970 870 1011 parasiti
883 970 1057 1003 consilium
1071 980 1105 1003 se
1118 971 1313 1013 intellegere

245 1025 367 1064 putans
391 1023 590 1056 sententiam
614 1023 686 1056 eius
708 1023 834 1057 ironice
858 1024 997 1065 supplet.

335 1076 517 1111 Sententiis
540 1077 695 1110 finalibus
722 1077 782 1110 illa
813 1087 942 1119 quoque
966 1080 1213 1112 annumeranda
1237 1082 1314 1112 sunt

245 1129 420 1164 enuntiata
449 1141 470 1163 a
502 1131 613 1164 verbis
643 1131 780 1164 timendi
812 1132 992 1173 pendentia
1023 1142 1107 1173 quae
1130 1133 1314 1173 particulas

248 1187 314 1226 „ut,
345 1185 406 1217 ne“
443 1184 622 1218 continent.
670 1185 743 1218 Hoc
776 1192 816 1219 ex·
847 1195 885 1219 eo
917 1186 996 1218 mihi
1026 1186 1157 1219 elucere
1182 1187 1313 1221 videtur

245 1238 341 1279 quod,
373 1237 505 1271 etiamsi
535 1238 623 1271 actio
655 1238 832 1280 cogitanda
855 1242 907 1272 est
936 1238 1060 1281 futura,
1092 1242 1203 1273 tamen
1227 1240 1314 1274 sicut

245 1290 279 1324 in
302 1291 370 1324 illis
393 1291 497 1325 futuri
520 1292 750 1326 coniunctivus
773 1302 839 1326 non
862 1293 1011 1334 ponitur:
1025 1294 1047 1337 ¹)

288 1345 338 1378 Pl.
363 1346 463 1379 Merc.
495 1347 561 1379 586
595 1355 659 1387 sq.:
691 1347 804 1379 Metuo
836 1356 897 1388 ego
928 1347 994 1380 iam
1024 1357 1176 1389 uxorem,
1208 1347 1312 1381 crassi

973 1411 1050 1434 rure
1072 1401 1219 1443 redierit,

683 1454 732 1487 Ne
756 1454 848 1487 illam
871 1454 925 1487 hic
947 1454 1097 1495 offendat.

355 1507 465 1540 Aulul.
491 1508 572 1541 609:
598 1508 671 1540 Non
695 1510 805 1540 metuo
830 1517 871 1541 ne
896 1508 1068 1549 quisquam
1092 1509 1242 1542 inveniat.

290 1561 363 1593 Ter.
380 1561 510 1594 Phorm.
524 1562 607 1595 325:
631 1562 765 1603 Vereor,
779 1571 820 1595 ne
833 1562 939 1595 istaec
953 1562 1114 1596 fortitudo
1128 1563 1162 1595 in
1175 1555 1310 1596 nervom

902 1618 1048 1657 erwmpat
1070 1616 1219 1656 denique.

739 1697 813 1738 §2
1284 1736 1286 1739 .

334 1758 379 1791 Si
423 1759 475 1791 ad.
519 1761 694 1800 tempus
740 1759 1004 1792 sententiae
1050 1759 1309 1801 primariae,

245 1812 373 1846 cuius
408 1813 532 1846 actio
568 1813 611 1846 in
646 1814 908 1854 praeterito
949 1816 1036 1855 est,
1077 1813 1309 1855 cogitatio

264 1894 284 1925 ¹)
312 1893 440 1920 Kuehner
466 1893 513 1927 (ΙΙ.
532 1896 546 1925 ξ
567 1894 628 1927 189)
654 1894 722 1920 haec
748 1894 978 1921 enuntiata'esse
1003 1894 1202 1927 interrogativa
1230 1894 1309 1921 dicit.

316 1937 370 1965 Sed
381 1947 410 1965 eo
420 1938 521 1966 omisso
535 1939 606 1972 quod
619 1939 773 1972 particulae
786 1940 851 1971 „ne“
863 1938 1006 1973 productio
1018 1939 1201 1973 suspicionem
1213 1940 1311 1972 movet,

316 1991 365 2010 cur
382 1983 506 2010 futurum
518 1983 548 2010 in
561 1984 714 2010 enuntiatis
727 1983 871 2018 particulis
885 1987 940 2016 ‚‚ut,
954 1985 1004 2010 ne¹⁴
1017 1983 1169 2011 instructis
1183 1984 1310 2016 evitetur,

315 2028 345 2054 in
364 2027 517 2055 enuntiatis
536 2029 628 2054 autem
647 2036 716 2062 quae
733 2029 892 2062 pronomina
910 2028 952 2054 vel
971 2028 1099 2055 adverbia
1111 2028 1311 2062 interrogativa

316 2073 349 2099 ut
367 2074 530 2107 „quorsum“
549 2072 694 2100 continent
725 2074 843 2107 ponatur
876 2073 948 2106 (Ter.
974 2073 1074 2100 Heaut.
1100 2073 1166 2105 5693
1193 2072 1250 2101 Cic.
1276 2072 1311 2099 ad

317 2118 403 2145 Attic.
421 2118 472 2150 111,
491 2118 536 2151 24)
555 2121 680 2153 ponatur,
700 2126 754 2145 non
773 2118 916 2153 intellego.
