1588 2463
752 186 793 218 14

239 292 313 315 eum
340 282 475 324 „mirum
498 282 595 323 quin“
621 282 721 316 verbo
742 283 832 324 „est“
853 282 1004 323 supplere
1021 282 1172 315 efficitur.
1210 282 1305 324 Quod

239 335 267 368 si
299 343 412 369 verum
445 338 548 377 esset,
581 335 737 369 Plautum
769 344 903 368 usurum
935 334 1038 368 fuisse
1072 334 1219 376 perfecto
1252 334 1305 367 hic

239 391 385 422 testatur
407 398 539 423 versus:
1275 392 1279 402 ”

284 459 410 493 Cistell.
436 460 489 501 IV,
514 461 544 501 2,
570 461 612 493 67
638 459 748 503 (565):
780 459 899 493 Mirum
930 459 1008 500 quin
1037 469 1117 501 grex
1140 459 1307 493 venalium

767 513 801 546 in
825 513 957 546 cistella
978 513 1116 554 infuerit
1139 523 1214 546 una.

327 585 445 626 Itaque
469 585 556 626 apud
578 586 733 619 Plautum
758 585 786 618 si
809 585 883 626 quis
906 585 1071 618 affirmare
1095 585 1169 618 vult
1192 593 1306 626 super-

242 648 424 672 vacaneum
447 648 520 672 esse
544 639 598 672 vel
623 639 761 672 stultum
784 639 990 680 interrogare
1011 648 1088 671 num
1111 638 1189 679 quid
1211 648 1307 679 prae-

239 692 339 725 terito
360 692 405 725 sit
423 692 557 734 factum,
589 692 659 726 sive
679 692 804 733 aliquid
827 692 898 725 fieri
923 695 1069 734 putasse,
1100 694 1159 724 aut
1186 701 1228 725 ex
1248 691 1306 724 illo

239 746 420 787 praeterito
454 749 600 787 tempore
633 746 785 780 iudicans
819 746 955 788 „mirum
989 746 1046 789 (sc.
1084 746 1170 789 erat)
1204 745 1302 785 quin“

240 809 311 832 cum
336 799 545 833 coniunctivo
569 799 753 841 imperfecti
769 802 829 832 aut
844 809 884 832 ex
901 809 959 832 suo
976 799 1143 840 loquentis
1160 801 1306 840 tempore

241 853 354 886 dicens
379 854 512 895 „mirum
539 853 597 896 (sc.
622 854 686 897 est)
715 853 812 895 quin“
843 863 870 886 c.
895 853 1057 886 coniunct.
1088 852 1225 894 perfecti
1250 848 1318 886 ad?

242 907 342 940 hibet.
358 908 381 951 ¹)

330 979 450 1012 Bacch.
475 981 558 1013 676:
599 980 652 1012 An
675 980 837 1021 nescibas,
861 989 959 1020 quam
983 979 1054 1013 eius
1076 978 1164 1012 modi
1186 978 1309 1012 homini

826 1043 902 1067 raro
926 1035 1056 1074 tempus
1082 1042 1116 1066 se
1141 1033 1240 1066 daret.

331 1105 490 1139 Forsitan
522 1105 658 1139 miretur
688 1105 850 1147 quispiam
884 1106 970 1146 quod
1004 1105 1065 1139 hoc
1088 1105 1170 1146 loco,
1196 1114 1309 1146 quam-

241 1169 338 1200 quam
363 1159 531 1192 sententia
556 1160 751 1193 secundaria
774 1159 861 1192 omni
885 1159 978 1193 valet
1006 1161 1161 1200 tempore,
1191 1159 1310 1200 imper-

243 1212 322 1246 fecti
355 1213 584 1246 coniunctivus
611 1213 742 1255 legitur.
790 1213 855 1247 Sed
885 1212 987 1246 menti
1021 1213 1093 1246 eius
1122 1212 1179 1253 qui
1207 1212 1310 1246 verba

243 1266 326 1300 facit
348 1266 431 1300 illud
455 1269 584 1308 tempus
615 1277 677 1307 quo
711 1277 747 1300 re
779 1275 860 1300 vera
887 1266 1016 1300 occasio
1040 1269 1093 1300 est
1116 1266 1229 1300 oblata
1253 1266 1309 1298 ob-

246 1323 409 1354 versatur.

288 1384 361 1416 Ter.
386 1383 471 1417 Eun.
499 1383 578 1417 155:
603 1383 673 1417 Aut
695 1392 757 1425 ego
781 1382 958 1424 nescibam,
983 1391 1137 1424 quorsum
1161 1385 1197 1415 tu
1222 1382 1309 1414 ires?

391 1437 476 1470 Eun.
502 1438 566 1470 841
592 1445 654 1478 sq.:
690 1437 794 1479 Quasi
821 1436 934 1470 dedita
963 1446 1063 1477 opera
1093 1436 1180 1469 domi
1203 1438 1310 1477 erant,

950 1493 989 1524 ut
1010 1490 1102 1523 nullo
1126 1490 1221 1523 modo

607 1545 701 1578 Intro
725 1544 774 1577 ire
791 1554 927 1586 possem,
951 1544 1030 1585 quin
1052 1544 1195 1577 viderent
1218 1553 1276 1576 me.

289 1607 376 1640 Huic
398 1607 466 1649 legi
489 1609 653 1649 repugnat
675 1607 791 1648 Amph.
817 1607 881 1640 225
906 1616 968 1647 sqs

403 1661 566 1695 Convenit
587 1661 663 1694 victi
685 1661 752 1695 utri
775 1661 840 1693 sint
863 1670 902 1694 eo
927 1660 1063 1702 praelio,

403 1715 533 1755 Urbem,
559 1724 683 1756 agrum,
709 1723 795 1755 aras,
820 1714 913 1747 focos
936 1723 1035 1755 seque
1059 1713 1108 1746 uti
1131 1713 1286 1745 dederent.

334 1787 508 1819 Sententia
530 1786 674 1820 relativa
698 1785 839 1828 (victi...
865 1786 1005 1828 praelio)
1030 1795 1101 1818 cum
1125 1783 1311 1825 praesentis

243 1839 386 1873 actionis
410 1840 612 1882 cogitatione
635 1849 721 1880 quae
744 1840 834 1873 inest
855 1839 889 1872 in
913 1839 1013 1873 verbo
1033 1837 1240 1880 „convenit“,
1258 1836 1310 1870 cui

243 1893 346 1926 multo
372 1893 416 1926 sit
438 1894 571 1935 propior
593 1903 690 1934 quam
713 1893 844 1935 regenti
866 1893 966 1926 verbo
989 1892 1198 1934 „‹lederent“‚
1215 1890 1311 1932 quasi

245 1947 412 1980 coalescit.

265 2069 286 2102 ²)
316 2068 416 2095 Omnes
435 2067 488 2095 loci
502 2068 602 2102 quibus
615 2068 729 2102 „mirum
749 2068 832 2101 quin“
851 2067 998 2098 invenitur,
1011 2067 1119 2100 praeter
1132 2066 1234 2092 citatos
1247 2066 1313 2091 suni¹

315 2112 359 2139 hi:
380 2112 476 2147 Amph.
499 2113 558 2145 750,
576 2112 666 2140 Aulul.
687 2112 729 2143 85,
748 2112 825 2138 Pers.
845 2112 907 2143 339,
924 2111 993 2138 Rud.
1017 2111 1091 2142 1393,
1112 2110 1187 2141 Trin,
1206 2110 1266 2137 495.
