1588 2463
780 168 822 200 32

314 264 429 304 Amph.
455 264 520 297 225
545 272 609 305 sq.:
634 264 798 298 Convenit
822 291 930 298 ......

633 318 765 359 Urbem,
789 328 914 360 agrum,
935 328 1021 359 araS,
1042 318 1142 359 focos,
1164 328 1262 359 seque
1284 318 1334 351 uti

1077 372 1243 405 dederent.

313 425 356 458 II.
394 425 490 466 Apud
513 425 775 458 Terentium
798 427 909 461 autem
933 425 1113 458 totidem
1136 424 1226 458 fere
1249 424 1334 458 loci

268 478 324 511 ubi
348 478 577 512 coniunctivus
592 478 775 520 imperfecti
800 478 947 519 sequitur
963 487 1120 520 praesens
1142 478 1334 512 historicum

269 531 482 565 inveniuntur
505 534 585 572 quot
608 532 726 573 quibus
748 533 935 573 praesentis
959 532 1195 566 ooniunctivus.

317 585 484 618 Nonnulla
505 585 678 626 utriusque
701 585 834 627 generis
857 586 1006 627 exempla
1029 586 1180 620 afferam:

281 675 283 677 ·
335 664 385 699 A.
411 666 512 699 Andr.
531 666 610 699 355:
636 675 790 708 percurro
810 666 852 699 ad.
869 665 984 707 forum,
1003 669 1042 699 ut
1051 666 1159 699 dicam
1167 666 1249 699 haec
1263 665 1333 699 tibi.

411 719 496 752 Eun.
520 719 602 752 578:
627 719 740 753 Edicit
762 729 804 752 ne
820 719 872 753 vir
886 720 1058 761 quisquam
1077 721 1119 754 ad
1135 729 1208 753 eam
1224 721 1333 753 adeat.

411 773 538 806 Phorm.
565 773 624 806 93:
649 773 817 815 Rogamus
840 773 918 814 quid
941 773 993 807 sit.

411 827 495 860 Eun.
520 827 602 860 517:
628 826 692 860 Ubi
720 827 830 869 friget,
859 827 923 861 huc
946 827 1064 869 evasit,
1089 837 1187 868 quam
1210 828 1335 869 pridem

1151 884 1247 923 pater

628 934 709 968 Mihi
741 937 777 968 et
806 937 913 968 mater
942 935 1061 968 mortui
1092 938 1213 968 essent.
1261 935 1333 969 dico

1091 988 1156 1022 iam
1180 989 1245 1023 diu.

628 1042 700 1075 Rus
729 1042 824 1075 Sunii
854 1043 979 1084 ecquod
1008 1042 1148 1076 habeam
1176 1045 1213 1076 et
1239 1052 1335 1084 quam

987 1096 1085 1138 longe
1109 1106 1130 1129 a
1153 1096 1245 1130 mari.

357 1149 645 1192 Repraesentatio,
675 1160 759 1191 quae
783 1150 883 1184 verbo
909 1150 1024 1192 ‚‚dico“
1053 1150 1100 1191 fit,
1133 1150 1334 1192 cogitatione

268 1203 440 1245 praeteriti
464 1203 598 1246 (evasit)
622 1204 794 1237 excidente
819 1205 861 1237 ad
885 1203 1083 1237 sententiam
1107 1203 1334 1238 secundariam

270 1266 365 1298 „rus,
381 1283 388 1290 .
402 1283 409 1290 .
421 1257 525 1290 mari“
550 1257 616 1291 vim
639 1257 748 1291 habet.
756 1258 779 1301 ¹)

337 1337 387 1371 B.
418 1338 501 1371 Eun.
527 1339 591 1372 581
614 1347 678 1379 sq.:
703 1348 839 1380 paucae,
864 1348 948 1380 quae
965 1339 1085 1372 circum
1101 1338 1192 1372 illam
1212 1341 1334 1379 essent,

1100 1394 1244 1425 manent.

707 1454 866 1488 Noviciae
889 1455 1029 1496 puellae.

411 1517 531 1550 Heaut.
557 1518 621 1551 651
644 1527 708 1559 sq.:
733 1518 880 1551 Detraho
897 1521 933 1551 et
948 1527 1022 1551 eum
1037 1518 1109 1551 dico
1126 1521 1165 1551 ut
1179 1528 1246 1551 una
1263 1527 1335 1552 cum

921 1571 1033 1612 puella
1056 1574 1245 1613 exponeret,

574 1624 609 1657 Si
632 1627 823 1666 moreretur,
849 1634 890 1657 ne
915 1634 1032 1666 expers
1054 1625 1160 1666 partis
1183 1628 1272 1658 esset
1295 1625 1335 1658 de

993 1678 1118 1711 nostris
1140 1679 1244 1711 bonis,

298 1799 318 1832 ¹)
338 1799 380 1826 Ad
407 1799 488 1826 verba
507 1799 661 1832 interiecta,
687 1808 740 1826 non
759 1799 793 1826 ad
813 1800 987 1827 enuntiatum
1013 1800 1171 1834 primarium
1197 1800 1335 1826 sententia

342 1844 503 1871 secundaria
521 1844 676 1879 applicatur

341 1889 410 1916 Eun.
430 1889 483 1916 570
502 1897 576 1923 sqq.;
594 1889 768 1916 summonuit
786 1897 829 1915 mo
846 1889 979 1916 Parmeno

429 1933 473 1960 Ibi
493 1941 593 1966 servos,
613 1934 685 1967 quod
705 1942 755 1967 ego
773 1933 885 1968 arripui,
905 1934 985 1960 Ant:
1005 1932 1077 1965 Quid
1096 1933 1125 1960 id
1144 1932 1203 1961 eet?

378 1977 439 2005 Ch.:
537 1978 575 2004 Ut
593 1980 697 2005 vestem
716 1987 777 2005 cum
797 1987 825 2005 eo
845 1981 947 2005 mutem
967 1979 996 2004 et
1075 1978 1185 2005 iubeam

340 2022 446 2049 Deinde
465 2022 499 2049 ad
519 2024 627 2056 tempus
646 2023 721 2049 verbi
741 2023 863 2057 regentis
882 2023 1082 2056 ‚‚summ0nuit·‘
1101 2022 1219 2049 reditur:

340 2067 424 2095 Ant.-
443 2066 516 2099 Quid
536 2076 571 2094 ex
590 2076 622 2094 ea
639 2075 668 2093 re
687 2067 798 2094 tandem
818 2069 851 2094 ut
869 2075 981 2102 caperes
999 2066 1158 2094 commodi?

344 2112 409 2140 Ch..·
429 2112 541 2145 Rogas?
559 2111 678 2139 viderem
715 2133 721 2139 .
733 2136 739 2141 .
750 2133 756 2139 .
