1588 2463
759 155 801 188 26

246 252 355 285 elucet
377 261 395 284 e
419 252 529 285 verbis
552 252 825 285 antecedentibus
851 252 995 293 „mensis
1018 253 1173 285 decumus
1197 254 1261 284 ese<
1279 256 1316 286 et

246 315 264 338 e
288 305 503 346 sequentibus
527 305 639 347 „illam
662 305 806 338 deserit“.

289 358 375 391 Eun.
394 359 477 392 544:
502 359 596 392 Nunc
610 358 689 391 mihi
705 359 766 392 hoc
781 358 896 401 negoti
912 358 1015 392 ceteri
1030 359 1150 400 dedere,
1167 362 1206 392 ut
1221 359 1311 392 illam

1060 423 1220 454 quaeram.

247 465 420 499 Sententia
443 468 496 499 est
520 466 602 508 „hoc
624 465 737 507 negoti
761 476 782 499 a
806 466 927 499 ceteris
948 466 1028 499 mihi
1059 469 1143 508 est“‚
1176 476 1314 507 quocum

247 520 318 552 loco
343 522 531 561 congruunt
548 544 551 547 -

292 573 342 606 Pl.
367 573 462 614 Epid.
488 574 553 607 357
579 583 665 615 sqq.:
690 574 784 606 Nunc
808 576 974 607 cautorem

497 628 596 661 Dedit
619 627 662 660 mi
686 628 728 660 ad
751 627 837 660 hano
859 637 926 660 rem
951 627 1207 669 Apoecidem...

496 681 560 723 Qui
583 684 675 714 recte
699 683 816 713 caveat.

292 735 364 767 Ter.-
389 734 518 767 Phorm.
543 736 626 768 602:
651 735 703 767 Au
726 734 805 775 quia
828 744 910 775 quos
932 735 1050 775 fallam
1079 745 1137 776 pro
1161 744 1226 768 uno
1250 736 1314 769 duo

935 790 1009 821 sunt
1032 788 1109 821 mihi
1133 789 1227 821 dati?

334 842 417 874 Post
433 842 612 882 perfectum
629 842 755 883 passivi
778 842 891 875 eadem
917 841 1107 883 saepissime
1125 842 1314 875 consecutio

247 897 429 936 temporum
452 899 505 928 est
527 905 611 936 quae
635 899 711 936 post
734 896 923 928 affectivum
946 905 1018 929 cum
1038 896 1200 936 praesenti
1222 896 1315 930 verbi

248 948 415 982 auxiliarii
440 950 555 990 7,esse“
581 948 789 983 coniunctum
813 949 914 982 valet.
927 949 950 992 ¹)

292 1002 342 1035 Pl.
368 1002 499 1035 Trucul.
525 1003 607 1036 776:
631 1003 738 1043 Prope
768 1003 896 1036 modum
927 1005 1074 1043 eoepertae
1100 1003 1190 1045 estis,
1219 1012 1316 1044 quam

428 1092 431 1094 ,
676 1051 682 1057 ’
910 1065 971 1098 ego
995 1057 1055 1088 sim
1077 1056 1226 1089 mitiS...

360 1110 460 1143 Mero.
491 1111 574 1144 344:
606 1110 720 1151 Neque
748 1109 779 1142 is
809 1119 905 1150 quom
940 1112 1044 1151 roget,
1080 1110 1158 1150 quid
1192 1111 1314 1152 loquar,

1018 1164 1224 1206 coyitatumst.

337 1217 438 1250 Poen.
464 1219 528 1250 774
553 1226 618 1258 sq.:
647 1217 855 1258 Compositast
879 1216 1025 1258 fallacia,

507 1271 555 1304 Ut
582 1280 620 1304 eo
644 1280 695 1303 me
714 1271 844 1311 privent
867 1273 966 1311 atque
989 1270 1077 1304 inter
1100 1280 1135 1304 se
1159 1271 1314 1303 dividant.

295 1324 368 1357 Ter.
393 1324 495 1358 Andr.
520 1325 603 1358 892:
627 1324 771 1357 Adducti
793 1324 849 1365 qui
871 1324 964 1357 illam
979 1324 1055 1357 hinc
1071 1322 1176 1357 civem
1194 1324 1314 1356 dicant.

383 1378 467 1411 Eun.
500 1379 565 1411 286
596 1387 660 1419 sq.:
689 1387 767 1411 num
789 1388 866 1411 nam
889 1378 942 1411 hic
964 1378 1105 1411 relictu’s
1127 1381 1248 1420 custos,

493 1431 617 1472 Nequis
640 1431 725 1465 forte
749 1432 972 1464 internuntius
995 1431 1080 1465 clam
1103 1442 1124 1465 a
1146 1431 1251 1465 milite
1271 1432 1314 1465 ad

979 1485 1077 1518 istam
1101 1486 1227 1518 curset?

383 1539 512 1572 Phorm.
538 1540 617 1572 647:
641 1539 799 1572 inventast
821 1548 906 1580 quae
929 1539 1040 1572 dotem
1056 1541 1158 1580 petat.

793 1624 823 1657 5.

340 1684 425 1716 Sunt
446 1682 512 1715 loci
534 1692 671 1723 quorum
702 1625 850 1723 teripora
881 1682 940 1715 illa
970 1682 1125 1723 temporis
1157 1692 1220 1723 quo
1244 1682 1318 1723 quis

251 1736 397 1777 loquitur
412 1735 541 1769 ratione
558 1736 672 1769 habita
687 1735 844 1777 explicari
854 1745 920 1768 non
931 1745 1026 1777 posse
1037 1735 1116 1768 mihi
1127 1736 1315 1769 videantur.

295 1790 344 1823 Pl.
368 1789 461 1822 Asin.
487 1790 551 1823 442
576 1798 639 1830 sq.:
664 1789 767 1822 Aibat
789 1789 925 1822 reddere
941 1799 1037 1830 quom
1062 1789 1225 1830 extemplo
1243 1790 1318 1823 red-

998 1843 1101 1876 ditum
1125 1846 1233 1876 esset:

363 1897 446 1930 Nam
462 1897 608 1939 retineri,
626 1900 664 1930 ut
675 1897 761 1938 quod
774 1898 815 1930 sit
829 1896 891 1929 sibi
903 1896 1012 1938 operis
1025 1897 1161 1929 locatum
1172 1897 1318 1937 efficeret.

251 1952 286 1984 Is
316 1951 402 1984 enim
431 1951 487 1991 qui
516 1951 662 1992 loquitur
690 1951 724 1984 id
755 1953 884 1992 tempus
912 1950 947 1983 in
977 1951 1064 1991 quod
1088 1950 1203 1992 „aibat
1226 1949 1317 1983 cadit

290 2051 310 2083 ¹)
337 2049 393 2077 cfr.
411 2049 517 2076 Holtzii
537 2050 662 2083 syntaxis
691 2049 843 2084 priscorum
868 2048 1032 2084 scriptorum
1060 2049 1137 2075 latin.
1162 2048 1198 2081 11,
1222 2056 1247 2085 p.
1275 2048 1317 2081 91,

341 2095 375 2126 ad
393 2094 476 2125 Mero.
495 2094 548 2126 344
566 2095 613 2133 (ΙΙ,
631 2095 657 2128 3,
678 2094 730 2133 10).
