1588 2463
769 171 813 204 35

752 269 825 310 ἓ8.

348 323 383 356 Si
407 322 575 355 sententia
590 321 747 363 primaria
771 321 944 355 futurae
968 321 1110 355 actionis
1127 321 1324 363 significatio

262 376 460 416 continetur,
484 375 518 408 in
542 375 715 408 enuntiato
740 375 933 408 secundario
951 374 1196 408 coniunctivum
1212 378 1325 416 postu-

259 429 344 462 lanti
374 437 534 470 praesens
563 429 617 462 vel
648 428 829 470 perfectum
860 431 1047 469 usurpatur.
1094 428 1130 461 Is
1160 428 1246 462 enim
1270 429 1325 469 qui

259 482 405 524 loquitur
427 476 468 515 ek
490 481 601 515 futuro
624 481 772 523 primarii
795 484 941 523 tempore
959 481 1086 515 iudicat
1101 491 1205 523 eoque
1221 482 1325 515 actio-

259 545 334 569 nem
357 535 543 570 secundarii
567 536 681 569 eodem
701 545 764 576 quo
789 535 936 576 primarii
961 537 1107 576 tempore
1130 534 1201 568 fieri
1218 535 1326 577 expri-

260 589 321 623 mit
342 589 520 631 praesenti,
545 599 618 623 eam
641 592 753 622 autem
769 589 989 622 antecessisse
1010 588 1167 630 perfecto.
1213 589 1326 630 Neque

261 643 328 676 ullo
352 643 423 676 loco
447 643 489 676 ab
512 643 573 676 hoc
595 651 657 676 usu
673 642 862 676 disceditur.
906 643 1009 685 Quem
1031 643 1072 676 ad
1096 642 1327 675 illustrandum

263 707 281 730 e
305 706 423 738 magno
448 696 668 738 exemplorum
692 705 827 729 numero
851 695 1011 729 nonnulla
1027 696 1132 729 oculis
1148 695 1326 737 legentium

264 750 439 784 subiciam:

353 805 403 839 Δ.
437 805 600 839 Futurum
623 804 773 845 sequitur

367 873 397 893 α.
417 860 599 900 praesentis
621 858 868 892 coniunctivus:

304 913 354 946 Pl.
365 912 475 946 Aulul.
487 913 552 946 802
564 923 571 946 :
591 913 650 945 Ibo
668 912 766 954 intro,
784 915 823 945 ut
835 911 912 952 quid
926 912 1024 944 huius
1036 921 1149 945 verum
1163 911 1207 944 sit
1218 911 1326 945 sciam.

374 966 468 1000 Cure.
492 966 553 999 45:
577 966 688 1000 Minus
710 965 892 999 formidabo
916 974 958 998 ne
982 965 1122 998 excidat.

373 1020 469 1053 Truc.
494 1020 575 1053 708:
598 1019 693 1053 Nunc
716 1019 910 1061 speculabor
932 1018 1010 1060 quid
1033 1018 1079 1052 ibi
1102 1021 1231 1060 agatur,
1256 1018 1330 1060 quis

1018 1075 1076 1106 eat
1098 1072 1220 1106 intro..
1232 1099 1239 1106 .

374 1128 460 1161 Men.
486 1127 551 1160 518
576 1136 641 1168 sq:
664 1127 846 1168 Numquam
871 1126 987 1168 edepol
1010 1126 1181 1167 quisquam
1203 1136 1254 1159 me
1274 1135 1330 1159 ex-

919 1179 1027 1213 orabit
1050 1180 1128 1221 quin
1152 1183 1240 1213 tuae.

477 1234 580 1268 Uxori
600 1244 669 1268 rem
686 1244 812 1268 omnem
829 1234 904 1276 iam,
921 1237 960 1267 ut
977 1234 1041 1267 siet
1056 1236 1161 1275 gesta,
1184 1233 1328 1274 eloquar.

309 1288 383 1322 Ter.
408 1288 509 1321 Andr.
535 1289 617 1322 313:
644 1288 835 1329 impetrabo,
859 1291 898 1321 ut
920 1288 1049 1329 aliquot
1073 1287 1189 1320 saltem
1206 1286 1332 1328 nuptiis

1063 1341 1183 1382 prodat
1205 1340 1285 1373 dies

376 1396 496 1428 Heaut.
523 1395 587 1429 557
609 1404 672 1436 sq:
697 1395 747 1429 De
771 1395 866 1437 istoc,
891 1404 963 1428 cum
986 1403 1067 1428 usus
1089 1393 1228 1435 venerit,

475 1449 667 1482 Videbimus
690 1449 767 1490 quid
790 1458 872 1491 opus
896 1448 950 1483 sit.

381 1502 509 1535 Phorm.
535 1504 619 1537 313:
643 1502 777 1536 Amicos
800 1503 979 1544 advocabo,
1011 1503 1053 1536 ad
1076 1502 1161 1535 hanc
1183 1511 1253 1534 rem
1276 1500 1331 1541 qui

353 1601 386 1642 β·
405 1601 544 1642 perfecti
567 1590 806 1635 coniuncti'vus.
1101 1556 1241 1589 adsffint·

374 1653 471 1695 Epiri.
495 1655 560 1688 371
586 1664 651 1696 sq.:
676 1655 747 1688 Iam
771 1664 831 1696 ego
853 1654 976 1696 parabo

477 1707 631 1749 Aliquam
655 1705 802 1742 dolosam
823 1708 998 1749 fidicinam,
1022 1717 1151 1741 nummo
1169 1707 1332 1741 conducta

1187 1761 1240 1794 s't.

286 1814 336 1848 Β.
361 1815 522 1848 Futurum
547 1815 594 1848 11.
621 1814 848 1858 (praeteritum
871 1814 989 1859 futuri)
1013 1771 1334 1856 eadgxlssiaieguuntur

308 1922 357 1955 Pl.
382 1922 493 1955 Aulul.
512 1923 576 1956 204
601 1931 667 1963 sq:
690 1872 968 1956 uffimgggssiouem
992 1931 1053 1964 ego
1078 1921 1187 1954 fecero
1205 1922 1244 1954 de
1262 1920 1333 1954 filia

585 1976 631 2009 Mi
655 1978 693 2009 ut
715 1976 919 2017 despondeat
920 2002 1003 2016 .....

375 2029 460 2062 Men.
472 2030 538 2062 270
546 2038 592 2070 sq.
604 2041 610 2062 ε
626 2029 666 2063 Id
677 2032 860 2071 utrumque,
872 2032 1043 2070 argentum
1054 2028 1183 2070 quando
1194 2028 1331 2068 habebo,

1111 2091 1242 2123 cavero,

545 2136 594 2168 Ne
618 2139 654 2169 tu
678 2135 851 2176 delinquas
873 2145 957 2169 neve
981 2144 1041 2176 ego
1066 2135 1192 2168 irascar
1215 2134 1284 2167 tibi.
