1588 2463
781 186 825 219 34

274 283 527 316 sollicitudinem
551 283 600 316 eri
623 283 724 317 videt.
771 283 893 316 Rerum
924 284 964 316 de
995 283 1137 317 veritate
1160 283 1190 315 is
1212 282 1268 324 qui
1291 282 1339 315 lo-

272 337 384 378 quitur
399 337 526 378 cogitat
541 337 574 369 in
590 336 741 370 versibus
752 345 879 378 quoque
893 337 966 370 Ter.
981 337 1101 371 Heaut.
1120 336 1200 378 prol.
1220 338 1239 370 7
1254 345 1337 377 sqq.:

400 426 403 429 Δ
594 400 681 423 nunc
705 390 760 431 qui
783 390 945 431 scripserit

338 443 385 477 Et
408 443 482 477 cuia
505 444 636 478 Graeca
658 444 708 486 sit,
733 442 767 477 ni
791 446 920 485 partem
944 443 1131 478 maximam.

340 497 573 531 Existimarem
598 496 682 531 scire
706 495 921 538 vestrun1,'id
944 498 1085 531 dicerem.

367 551 491 592 Apud
528 551 736 584 Plautum
774 550 808 584 in
848 550 1128 584 condicionalibus
1158 549 1341 584 enuntiatis

272 604 447 638 irrealibus
478 604 641 638 interdum
669 604 916 645 praesentis
946 604 1175 638 coniunctivus
1198 614 1256 645 pro
1280 603 1340 637 im-

272 658 410 700 perfecti
434 658 611 699 invenitur‚
635 667 730 700 quem
754 667 848 691 usum
864 657 1003 691 maxime
1019 657 1235 699 probabiliter
1251 660 1338 691 trac-

274 712 361 746 tavit
394 713 431 745 P.
469 712 646 755 Langen.1)
703 712 813 752 Atque
849 711 876 745 si
911 712 954 745 ad
989 711 1148 745 eiusmodi
1183 719 1341 752 praesens

273 765 480 799 enuntiatum
505 765 731 799 secundarium
748 765 992 799 coniunctivum
1012 764 1186 807 postulans
1201 764 1339 805 accedit,

274 819 460 861 praesentis
483 822 544 852 aut
566 819 749 860 imperfecti
773 818 1004 853 coniunctivus
1026 818 1210 852 adhibetur.

360 873 470 906 Aulul.
496 874 579 907 523:
603 873 831 914 Conpellarem
855 883 916 915 ego
941 873 1043 914 illum,
1068 872 1102 906 ni
1125 875 1261 906 metuam
1285 915 1288 919 λ

1008 936 1050 960 ne
1073 926 1206 960 desinat.

363 981 464 1014 Poen.
490 980 574 1014 1251
602 989 666 1021 sq.:
691 980 829 1022 pn'mum
853 980 880 1013 si
904 980 938 1014 id
960 980 1032 1014 fleri
1051 980 1153 1021 possit
1196 970 1199 975 “

436 1034 486 1067 Ne
509 1034 645 1075 indigna
668 1034 812 1076 indignis
828 1034 880 1068 dei
896 1035 1020 1076 doment,
1044 1033 1078 1067 id
1093 1043 1154 1076 ego
1171 1034 1339 1068 evenisset
1360 1056 1366 1059 -

932 1126 934 1128 ,
1119 1087 1248 1121 vellem.

363 1141 478 1175 Facile
495 1141 639 1183 „possiffl
664 1152 722 1183 pro
741 1143 888 1183 „posset‘c
906 1141 1114 1175 librariorum
1129 1141 1341 1183 neglegentia

277 1195 432 1237 scriptum
457 1205 530 1229 esse
553 1195 733 1238 putaveris.
780 1196 875 1238 Quod
891 1197 1065 1237 crederem,
1090 1195 1155 1229 nisi
1179 1198 1214 1228 et
1230 1203 1342 1228 omnes

275 1249 334 1282 alii
369 1249 499 1283 codices
533 1252 568 1283 et
600 1249 838 1283 Ambrosianus
873 1248 928 1292 (A)
964 1251 1002 1283 ut
1035 1249 1174 1282 maxime
1210 1248 1341 1282 videtur

276 1303 423 1345 „possit“
449 1304 647 1344 praeberent
670 1306 770 1344 atque
794 1302 874 1336 alibi
905 1305 1017 1336 essent
1039 1302 1112 1344 loci,
1144 1302 1199 1335 ubi
1227 1303 1340 1335 eodem

276 1357 370 1391 modo
395 1359 471 1399 post
493 1367 651 1398 praesens
675 1359 868 1399 sequeretur
890 1356 1154 1399 imperfectum.2)
1334 1355 1336 1357 ’

364 1411 468 1445 Recte
492 1410 688 1453 Spengelius
711 1410 953 1444 coniunctivum
975 1409 1162 1451 praesentis
1179 1409 1341 1451 interpre-

278 1464 447 1504 tariymihi
470 1464 601 1498 videtur
623 1465 762 1506 Adelph.
788 1465 853 1498 316
878 1473 943 1505 sq*

439 1518 617 1551 Sublimem
639 1518 781 1551 medium
812 1517 991 1559 arriperem
1012 1520 1047 1550 et
1069 1516 1177 1558 capite
1201 1525 1339 1558 pronum

697 1597 699 1599 .
914 1571 949 1603 in
973 1573 1095 1604 terram
1118 1572 1295 1611 statuerem,

437 1626 484 1659 Ut
506 1626 639 1659 cerebro
664 1626 825 1668 dispergat
848 1625 945 1658 viam.

277 1679 362 1712 Toto
392 1678 477 1712 enim
508 1679 580 1713 loco
612 1679 761 1721 cogitata
791 1678 947 1720 effmgere
986 1680 1021 1711 et
1052 1677 1187 1711 irrealia
1223 1679 1341 1718 poetae

278 1732 373 1766 licuit
405 1735 440 1765 et
472 1732 555 1766 talia
587 1742 688 1774 quae,
723 1742 795 1765 cum
827 1731 954 1765 familia
985 1740 1079 1766 servo
1110 1731 1240 1765 obviam
1270 1729 1342 1763 dari

280 1788 402 1828 posset,
426 1786 512 1819 effici
536 1789 680 1827 possent.
728 1787 856 1827 Itaque,
887 1787 985 1827 prout
1014 1787 1153 1818 metrum
1183 1783 1341 1826 postulat,

276 1840 463 1881 praesentis
486 1840 695 1873 coniunctivo
720 1840 768 1884 (in
791 1839 942 1873 versibus
965 1839 1039 1880 313,
1065 1839 1143 1882 317)
1167 1840 1202 1871 et
1225 1837 1342 1879 imper—

278 1893 358 1927 fecti
383 1893 429 1937 (in
453 1904 505 1928 vv.
529 1895 716 1936 314—316‚
741 1895 806 1927 318
831 1893 892 1937 sq.)
916 1892 1029 1926 utitur.

315 1992 335 2026 ¹)
366 1992 497 2028 ffieittfiqe
516 2000 565 2027 gur
585 1992 669 2020 nritit
688 1992 743 2020 unb
763 1991 918 2026 OErftfirung
939 1990 986 2018 bess
1005 1990 1138 2025 ΣΒῐαιιίῑιιδ,
1174 1997 1199 2024 p.
1219 1989 1254 2016 62
1273 1997 1313 2023 sq.

316 2037 337 2069 ²)
367 2036 422 2064 cfr.
446 2037 469 2064 1.
487 2037 673 2070 Rothheimer,
700 2037 734 2063 ‹lc
758 2036 910 2063 enuntiatis
937 2034 1172 2062 condicionalibus
1195 2034 1342 2063 Plautinis.

366 2081 433 2109 diss.
451 2090 475 2108 a.
496 2081 572 2114 1876,
591 2090 615 2115 p.
635 2082 668 2108 47
689 2089 748 2115 sqq.

420 2126 481 2153 Duo
500 2126 599 2152 attulit
617 2125 742 2159 exempla
761 2133 796 2152 ex
814 2124 936 2151 Lucretii
955 2124 1026 2151 libro
1045 2125 1069 2151 1:
1090 2123 1150 2155 356,
1170 2123 1230 2149 645.
