1588 2463
766 156 869 188 41.

255 253 503 297 [Fleckeisenus
527 252 758 294 ,‚soriptumst“
783 262 824 285 ex
847 253 1026 294 „scriptum
1050 256 1160 286 esset“
1184 264 1317 296 corrup-

254 310 324 340 tum
347 316 420 340 esse
444 308 538 338 ratus
560 306 594 338 in
611 308 737 338 textum
752 306 815 339 hoc
829 306 963 348 recepit.
1012 307 1105 349 Quae
1129 307 1319 341 coniectura

254 360 463 403 quamobrem
488 359 532 392 sit
554 358 744 392 necessaria
767 368 832 392 non
849 359 1017 401 intellego,
1043 369 1115 393 eum
1131 370 1152 393 a
1168 370 1316 394 sermone

257 413 422 447 cotidiano
446 422 511 446 non
535 413 713 446 abhorreat
734 413 819 446 hanc
844 413 1043 446 sententiam
1065 416 1104 446 ut
1127 423 1219 447 suam
1242 425 1317 456 pro-

256 466 410 500 nuntiare
434 465 672 500 Curculionem.
719 466 815 509 Quod
836 466 994 508 probatur
1017 467 1168 500 versibus

298 520 348 553 Pl.
372 520 490 553 Bacch.
516 520 582 553 953
607 530 692 562 sqq:
718 519 780 553 Ilio
805 519 872 553 tria
887 519 990 553 fuisse
1006 520 1119 553 audivi
1135 520 1216 562 fata,
1233 531 1318 563 quae

946 573 997 606 illi
1020 573 1131 607 forent
1153 573 1271 607 exitio:

467 627 602 668 Signum
625 637 666 660 ex
689 637 766 660 arce
783 627 810 660 si
826 626 996 668 periisset:
1023 626 1164 660 alterum
1188 627 1318 660 etiamst

1035 680 1138 714 Troili
1161 690 1265 714 mors:

466 733 614 767 Tertium
626 744 722 777 quom
738 736 855 776 portae
867 734 1034 776 Phrygiae
1050 733 1149 767 limen
1166 743 1318 776 superum

1016 788 1229 821 scinderetur.

253 833 308 875 ubi
332 842 445 874 eodem
469 842 563 874 modo
587 840 643 883 qui
666 840 812 884 loquitur
841 841 875 874 id
904 842 990 884 quod
1022 851 1064 874 ex
1094 841 1159 874 alio
1191 842 1320 875 audivit

253 898 418 938 tamquam
443 904 534 928 suam
557 895 751 936 pronuntiat
773 895 973 929 sententiam
997 894 1220 939 (etiam(e)st).]

366 957 456 990 Trin.
484 958 677 990 119—122:

465 1011 507 1044 Ei
519 1011 568 1044 rei
581 1021 713 1052 operam
725 1011 804 1044 dare
818 1014 851 1044 te
864 1011 974 1044 fuerat
986 1011 1156 1054 aliquanto
1170 1012 1317 1055 aequius,

466 1062 500 1098 si
524 1064 580 1107 qui
603 1064 787 1106 probiorem
810 1064 920 1099 facere
936 1075 1055 1106 posses,
1080 1075 1146 1099 non
1170 1065 1220 1098 nti

465 1118 504 1151 In
529 1119 666 1156 eandem
689 1121 762 1151 tute
786 1119 947 1152 accederes
969 1118 1139 1152 infamiam

464 1171 651 1215 Malumque
674 1174 713 1205 ut
735 1171 807 1205 eius
830 1181 902 1206 eum
926 1175 983 1205 tuo
1008 1173 1151 1205 misceres
1175 1172 1271 1205 malo.

298 1226 371 1259 Ter.
396 1225 480 1259 Eun.
506 1226 588 1259 699:
619 1225 693 1268 quis
715 1228 792 1259 esset
814 1235 966 1268 umquam
990 1226 1159 1259 audieram
1183 1225 1293 1259 dicier.

579 1298 610 1330 4.
639 1298 821 1338 praesentis
842 1298 991 1330 historici.

296 1360 344 1392 Pl.
370 1359 461 1393 Asin,
488 1361 553 1393 343
580 1368 643 1402 sq.:
680 1360 800 1392 Verum
830 1359 864 1392 in
894 1360 1060 1393 tonstrina
1088 1363 1126 1393 ut
1156 1361 1318 1401 sedebam,
1336 1359 1342 1367 '

845 1423 897 1447 me
920 1414 994 1447 infit
1017 1414 1252 1455 percontarier.

464 1467 608 1509 Ecquem
620 1466 723 1499 filium
736 1467 904 1500 Stratonis
919 1468 1059 1500 noverim
1071 1467 1317 1500 Demaenetum.

296 1529 376 1562 Cist.
401 1530 428 1570 I,
453 1530 483 1570 3,
508 1530 551 1563 35
575 1529 666 1572 (181)
693 1539 757 1573 sq.:

410 1583 507 1616 Iubet
529 1583 622 1616 illum
645 1584 782 1619 eundem
806 1584 967 1626 persequi,
993 1584 1021 1616 si
1044 1593 1109 1626 qua
1133 1586 1225 1625 queat

411 1636 580 1677 Reperire,
606 1646 690 1677 quae
715 1636 895 1670 sustulerit.

293 1689 377 1723 Rud.
403 1690 468 1724 601
495 1699 558 1732 sq.:
584 1690 722 1724 Videtur
745 1691 787 1724 ad
810 1700 861 1724 me
886 1691 981 1724 simia
1005 1690 1218 1733 adgredirier,

506 1744 638 1785 Rogare
662 1744 771 1777 scalas
793 1747 832 1777 ut
853 1745 963 1778 darem
986 1745 1128 1778 utendas
1152 1744 1225 1778 sibi.

295 1796 383 1829 Trin.
412 1798 468 1829 14:
493 1797 655 1839 Quoniam
685 1797 725 1838 ei,
751 1797 807 1840 qui
830 1807 882 1830 me
905 1798 1011 1839 aleret,
1042 1797 1089 1831 nil
1122 1798 1217 1831 video
1242 1807 1316 1831 esse

1104 1851 1227 1884 relicui.

338 1912 403 1946 Ofr.
427 1913 537 1946 Aulul.
563 1914 628 1947 318
653 1923 710 1956 sq„
735 1913 828 1956 Oapt.
854 1915 919 1947 365
944 1923 1024 1957 sqq,
1048 1914 1134 1947 Men.
1152 1914 1218 1947 524
1235 1923 1314 1957 sqq„

248 1966 348 1999 Mero.
374 1967 447 2000 240.

293 2020 367 2052 Ter.
398 2020 479 2053 Hec.
511 2021 574 2054 115
608 2030 671 2063 sq.:
703 2021 855 2062 Amabat,
888 2023 926 2054 ut
956 2030 1028 2054 eum
1059 2021 1208 2062 maxime,
1244 2023 1315 2054 tum

1005 2074 1207 2116 Pamphilus,
