1588 2463
371 670 447 723 Ex
470 688 576 722 medio
601 688 669 722 fere
692 689 754 722 hoc
779 689 910 722 saeculo
935 689 1029 722 multi
1053 689 1116 722 viri
1140 689 1331 731 doctissimi,

263 741 438 775 Ritschelii
450 741 608 783 imprimis
624 741 757 783 scriptis
774 742 906 783 impulsi
921 742 1114 783 rationeque
1128 743 1228 784 ducti,
1243 744 1331 776 omni

263 805 334 828 cum
358 794 533 837 diligentia
556 795 743 837 ingeniique
768 795 917 829 acumine
941 796 1074 829 fabulas
1096 796 1273 829 Plautinas
1295 799 1331 830 et

264 848 493 889 Terentianas,
518 848 579 881 illa
601 852 822 891 monumenta,
846 859 931 890 quae
955 859 996 882 ex
1019 849 1259 891 antiquissimis
1274 849 1330 883 lit-
1369 894 1372 897 ¹

263 905 408 936 terarum
430 902 625 936 Latinarum
650 902 851 944 temporibus
881 903 1079 944 gravissima
1102 906 1245 946 exstant,
1271 903 1329 937 alii

263 956 362 989 aliam
385 959 524 998 partem,
549 956 749 997 perscrutati
774 959 860 990 sunt.

351 1010 461 1051 Atque
491 1010 578 1043 inter
614 1010 717 1043 libros
746 1011 786 1043 de
816 1010 929 1044 Plauti
962 1013 998 1044 et
1027 1011 1175 1044 Terentii
1206 1021 1329 1053 genere

262 1063 391 1097 dicendi
408 1063 612 1105 conscriptos
628 1064 738 1097 Caroli
754 1064 870 1097 Rothe·
881 1065 1112 1098 commentatio
1130 1065 1208 1098 mihi
1224 1065 1328 1098 nomi-

262 1117 394 1161 natim¹)
417 1117 584 1150 afferenda
600 1120 661 1159 est,
685 1128 751 1158 qua
767 1119 807 1151 de
824 1119 938 1151 eadem
954 1129 990 1152 re
1006 1129 1104 1160 quam
1120 1120 1328 1153 tractandam

262 1171 341 1204 mihi
356 1170 511 1213 proposui
534 1171 720 1212 inquiritur.
753 1172 871 1213 Itaque
887 1182 953 1213 qua
969 1182 1070 1206 causa
1086 1176 1194 1207 motus
1210 1173 1330 1207 iterum

262 1225 302 1258 de
326 1225 558 1258 consecutione
582 1228 764 1266 temporum
786 1226 945 1259 Plautina
969 1229 1004 1259 et
1028 1227 1231 1260 Terentiana
1248 1227 1329 1260 scri-

261 1279 339 1311 bere
362 1278 505 1312 animum
528 1278 712 1312 induxerim
743 1289 814 1312 cum
844 1279 1006 1313 rationem
1037 1280 1130 1314 reddi
1154 1284 1329 1314 consenta-

260 1342 357 1365 neum
381 1332 434 1375 sit,
455 1333 495 1366 de
515 1332 572 1366 illo
593 1333 706 1366 libello
723 1333 882 1366 nonnulla
899 1335 1001 1367 verba
1016 1334 1146 1368 faciam.
1180 1335 1329 1376 Scriptor

261 1387 347 1420 enim
371 1397 412 1420 ea
435 1386 618 1421 disserendi
641 1386 771 1420 ratione
792 1397 826 1420 se
846 1397 940 1421 usum
959 1397 1032 1421 esse
1052 1388 1134 1422 dicit
1152 1399 1217 1430 qua
1239 1399 1324 1432 „non

263 1441 552 1482 „quemadmodum
568 1441 667 1482 vulgo
684 1451 705 1474 a
720 1441 945 1482 grammaticis
960 1442 1032 1475 fieri
1050 1443 1167 1484 soleat,
1185 1453 1205 1476 a
1227 1443 1328 1476 certis

261 1493 419 1534 „fixisque
443 1493 612 1527 ordinibus
640 1494 827 1535 normisque
866 1495 1030 1529 universis
1062 1496 1326 1537 proficisceretur

263 1546 520 1590 „disputaturus,
546 1549 602 1581 sed
626 1549 668 1581 ab
691 1548 849 1590 exemplis
873 1549 1021 1591 singulis,
1053 1559 1137 1590 quae
1166 1551 1209 1583 ad
1230 1559 1326 1583 usum

262 1601 459 1643 „solemnem
491 1610 557 1635 non
589 1605 702 1635 essent
734 1603 980 1636 accommodata
1015 1606 1050 1636 et
1081 1603 1130 1636 eis
1163 1613 1204 1637 ex
1238 1613 1324 1637 nexu

261 1654 520 1698 „sententiarum
549 1665 612 1696 quo
645 1656 837 1697 legerentur
867 1656 1108 1690 declarandiS.“
1165 1658 1239 1699 Qua
1271 1658 1327 1692 via

259 1708 343 1742 inita
357 1709 495 1750 primum
514 1710 644 1750 quidem
665 1712 757 1742 certa
777 1718 885 1742 rerum
906 1709 1078 1751 dispositio
1098 1710 1324 1753 desideratum

258 1763 433 1804 praecipue
456 1772 534 1796 vero
559 1772 632 1796 cum
655 1763 760 1796 solum
783 1773 824 1796 ex
843 1773 928 1796 nexu
951 1764 1189 1797 sententiarum
1205 1774 1325 1798 causas

259 1820 439 1857 temporum
472 1817 609 1850 trahens
640 1817 854 1858 interpretari
889 1817 987 1850 nimis
1021 1818 1189 1851 subtiliter
1225 1828 1324 1860 saepe

259 1873 405 1912 cogatur,
430 1870 543 1903 Plauti
566 1870 696 1911 quidem
719 1870 851 1912 generis
870 1871 1033 1904 scribendi
1051 1875 1205 1905 naturam
1225 1875 1325 1914 atque

259 1923 424 1966 ingenium
445 1924 577 1965 saepius
600 1924 756 1966 neglegit.
803 1925 887 1958 Nam
915 1926 971 1966 qui
1001 1925 1052 1959 ita
1074 1926 1323 1969 interpretatur,

259 1979 447 2012 elaborasse
470 1979 649 2021 diligenter
678 1979 863 2013 sententias
894 1983 1027 2021 poetam
1058 1983 1180 2014 censet.
1228 1981 1324 2022 Quod

278 2078 298 2111 ¹)
318 2077 348 2105 C.
367 2078 465 2111 nothe,
486 2079 659 2113 quaestiones
677 2079 874 2113 grammaticae
892 2079 926 2106 ad
941 2088 1020 2106 usum
1037 2079 1132 2107 Plauti
1145 2080 1322 2114 potissimum

487 2125 516 2150 et
535 2123 658 2151 Terentii
677 2125 844 2159 spectantes,
863 2124 951 2151 Berol.
972 2124 1049 2151 1876.
