1588 2463
803 187 846 219 46

316 319 319 321 ,
381 284 461 317 Heo.
486 284 550 317 434
575 293 640 325 sq.:
666 284 797 318 vovisse
813 284 900 317 hunc
915 283 1031 326 dicam,
1054 284 1082 317 si
1105 284 1217 318 salvos
1232 285 1360 318 domum

506 337 662 371 Redisset
677 346 839 379 umquam,
857 340 894 370 ut
910 347 960 370 me
977 337 1174 371 ambulando
1191 340 1358 379 rumperet·

292 391 341 424 Pl.
377 391 469 432 Capt.
504 392 570 424 684
603 400 689 432 sqq.:
727 392 773 424 At
805 390 870 424 erit
900 391 945 424 'mi
978 391 1040 424 hoo
1072 391 1196 424 factum
1231 394 1360 424 mortuo

1060 444 1271 478 memorabile

505 570 677 611 Meumque
701 569 812 611 potius
835 580 885 603 me
910 573 1009 612 caput
1032 570 1177 611 periculo

504 624 760 665 Praeoptavisse
784 633 880 665 quam
904 623 933 656 is
950 624 1073 665 periret
1094 633 1225 665 ponere.

381 677 450 711 Mil.
474 678 516 719 gl.
543 678 609 711 800
633 686 696 718 sq.:
722 687 742 710 a
767 679 825 710 tua
847 677 891 710 mi
914 686 1016 710 uxore
1040 677 1146 710 dicam
1162 677 1308 711 delatum
1325 680 1359 710 et

1147 732 1270 772 datum,

507 785 553 817 Ut
577 794 649 817 sese
673 785 715 818 ad
739 794 811 817 eum
837 785 1045 818 conciliarem.

381 855 413 894 β.
454 852 643 886 Infinitivus
666 855 718 885 est
742 852 799 885 inf.
818 852 957 893 perfecti
979 853 1081 895 logici.

292 905 341 939 Pl.
366 905 462 947 Epid.
487 906 569 939 580:
594 906 686 947 Nego
710 916 782 939 eam
805 916 857 940 me
879 907 1010 948 novisse,
1035 916 1120 948 quae
1143 907 1192 940 sit.

382 959 471 992 Trin.
497 960 580 993 953:
605 959 668 1001 Qui
692 959 824 1000 quidem
847 969 913 993 non
935 960 1058 993 novisse
1073 959 1204 1002 possim,
1229 960 1359 1001 quicum

935 1016 1081 1047 aetatem
1104 1014 1267 1056 exeyerim.

380 1067 499 1100 Bacch.
524 1068 606 1101 864:
643 1068 736 1100 Faxo
773 1076 808 1100 se
842 1067 930 1101 haud.
965 1067 1056 1101 dicat
1089 1069 1228 1109 nactam,
1264 1077 1360 1108 quem

1130 1121 1272 1154 derideat

292 1174 466 1207 Sententia
489 1174 683 1216 praevalere
706 1166 785 1207 'mihi
808 1174 940 1208 videtur
969 1174 1111 1215 „habere
1135 1185 1186 1208 me
1210 1174 1359 1208 eum...“

379 1234 478 1266 Mero.
506 1233 570 1266 253
595 1242 660 1273 sq.:
685 1233 749 1266 nisi
774 1243 906 1274 capram
929 1232 1021 1266 illam
1044 1233 1192 1274 suspicor

505 1287 575 1319 Iam
599 1296 650 1320 me
676 1287 830 1320 invenisse
853 1296 937 1327 quae
961 1287 1002 1320 sit
1029 1289 1089 1320 aut
1116 1287 1194 1328 quid
1216 1287 1356 1320 voluerit.

291 1340 365 1373 Ter.
390 1340 489 1373 Andr.
515 1341 580 1373 407
605 1349 669 1381 sq.:
695 1340 887 1373 Orationem
913 1343 1025 1381 sperat
1046 1340 1204 1373 invenisse
1227 1349 1262 1373 se

505 1393 569 1436 Qui
593 1394 724 1434 differat
747 1396 789 1427 te.

380 1456 453 1490 Non
485 1456 552 1490 alia
583 1459 635 1490 est
671 1458 853 1498 temporum
886 1456 1090 1497 consecutio,
1128 1456 1156 1489 si
1192 1455 1359 1488 sententia

291 1519 410 1550 regens
432 1509 579 1551 perfecto
603 1510 814 1551 praesentiae
838 1510 1047 1552 exprimitur:

336 1564 428 1604 Capt.
454 1564 537 1597 248:
561 1565 670 1604 Atque
693 1567 731 1596 ut
754 1564 809 1605 qui
833 1564 935 1605 fueris
958 1566 992 1597 et
1015 1564 1070 1605 qui
1089 1573 1176 1597 nunc
1191 1563 1237 1596 sis
1250 1562 1358 1595 memi-

903 1618 988 1650 nisse
1010 1619 1048 1651 ut
1071 1616 1267 1649 memineris

290 1674 480 1708 infinitivus
511 1675 739 1716 „meminisse“
771 1685 836 1709 non
867 1675 967 1708 alium
1000 1678 1100 1716 atque
1131 1673 1356 1716 „meminerit“

293 1737 423 1760 sensum
447 1727 605 1769 continet,
630 1738 695 1769 qua
719 1728 896 1761 iteratione
921 1731 958 1761 ut
973 1728 1151 1770 diligenter
1167 1730 1265 1769 atque
1282 1736 1356 1768 per-

290 1784 390 1823 petuo
415 1782 589 1823 Tyndarus
612 1791 734 1815 memor
757 1781 802 1815 ist
825 1782 974 1823 graviter
996 1785 1156 1815 monetur.

335 1845 434 1877 Poen.
460 1844 524 1877 557
550 1853 635 1885 sqq.:
660 1853 725 1878 non
750 1845 927 1877 meminisse
949 1845 1151 1885 nos.ratu's‚

505 1898 673 1940 Quomodo
698 1900 865 1931 trecentos
887 1897 1058 1939 Philippos
1089 1897 1274 1931 Collabisoo
1307 1896 1357 1930 vi-

1203 1950 1267 1983 lico

489 2004 634 2046 Dederis,
659 2006 831 2045 quo....?
862 2036 866 2040 .

291 2057 452 2099 ‚‚Ratu's“
477 2061 656 2099 usurpatur
679 2058 727 2090 ita
750 2061 789 2090 ut
812 2058 977 2100 ‚,(ratione
994 2058 1154 2101 adhibita)
1172 2058 1204 2090 in
1223 2068 1263 2091 ea
1283 2067 1357 2091 sen-

292 2111 399 2144 tentia
423 2112 489 2144 es‚“
