1588 2463
776 175 820 209 36

377 274 466 307 Pers
495 274 557 307 135
582 283 645 314 sq.:
671 274 773 306 Immo
797 273 898 306 alium
922 273 1131 315 adlegavero,

479 327 543 370 Qui
560 328 693 368 vendat,
714 327 769 368 qui
786 336 859 360 esse
876 336 911 360 se
927 326 1134 368 peregrinum
1150 327 1328 368 praedicet.

310 382 384 415 Ter.
409 382 510 415 Andr.
535 382 599 415 381
626 390 690 422 sq.:
715 381 839 414 dictum
862 391 901 414 ac
924 380 1049 414 factum
1071 380 1236 414 invenerit

478 435 633 476 Aliquam
657 444 798 476 causam,
823 444 920 475 quam
944 434 1054 467 obrem
1078 434 1179 468 eiciat
1202 434 1330 475 oppido.

376 489 496 522 Heaut.
524 489 604 522 108:
629 489 701 530 Ego
725 489 812 529 quod
835 498 886 522 me
909 487 942 521 in
959 490 994 521 te
1011 487 1056 521 sit
1070 489 1181 522 facere
1198 487 1331 529 dignum

1072 550 1239 576 invenero.

761 629 833 670 §a

356 694 581 736 Investiganti
605 704 688 735 quae
713 694 758 727 sit
781 694 1012 728 convenientia
1035 696 1216 736 temporum
1238 692 1331 726 iniis

264 748 447 781 enuntiatis
459 757 543 790 quae
564 751 724 790 reguntur
749 747 995 790 infinitiviS‚
1016 747 1105 781 inter
1122 747 1261 789 perfecti
1280 747 1330 780 in-

265 802 430 836 finitivum
446 805 481 835 et
497 802 684 843 praesentis
699 812 739 835 ac
755 801 858 835 futuri
875 804 928 835 est
942 801 1198 835 discernendum.
1246 801 1330 834 Nam

263 866 336 889 cum
359 855 557 889 infinitivum
588 855 727 897 perfecti
759 856 873 889 eadem
903 865 987 896 quae
1015 855 1121 897 ipsum
1148 855 1329 897 perfectum

263 912 412 951 tempora
445 909 635 951 plerumque
672 909 801 951 quidem
837 911 1034 952 sequantur,
1074 909 1260 951 praesentis
1295 911 1330 942 et

262 963 366 997 futuri
388 963 573 997 infinitivus
602 964 696 997 modo
728 963 913 1005 praesentis
943 964 1037 998 modo
1067 962 1240 1005 praeteriti
1263 962 1329 996 vim

261 1017 371 1051 habet.
749 1056 752 1058 ,

352 1070 556 1106 Infinitivum
580 1071 666 1105 enim
688 1071 875 1113 praesentis
898 1072 1012 1105 eodem
1035 1081 1098 1112 quo
1122 1071 1210 1105 actio
1235 1070 1328 1104 verbi

262 1125 459 1159 infinitivum
490 1125 638 1167 regentis
671 1128 818 1167 tempore
851 1125 976 1167 aliquid
1007 1125 1096 1166 fieri,
1129 1124 1328 1158 infinitivum

261 1178 365 1212 futuri
398 1179 521 1213 actioni
556 1179 648 1213 verbi
683 1179 830 1221 regentis
864 1179 964 1213 aliam
998 1188 1071 1212 esse
1103 1180 1327 1212 successuram

263 1233 450 1275 significare
474 1235 614 1267 constat.
661 1233 780 1274 Itaque
810 1233 982 1274 utriusque
1012 1232 1168 1266 infinitivi
1200 1234 1329 1273 tempus

263 1297 334 1321 cum
366 1289 512 1328 tempore
543 1286 636 1321 verbi
665 1287 813 1328 regentis
843 1286 1009 1320 artissime
1039 1286 1194 1320 cohaeret
1225 1294 1328 1326 eoque

262 1340 426 1382 definitur,
450 1350 516 1382 qua
539 1350 580 1374 ex
595 1350 631 1374 re
647 1341 798 1382 efficitur,
815 1343 854 1374 ut
869 1351 940 1374 cum
961 1340 1058 1374 huius
1073 1340 1165 1374 verbi
1182 1343 1327 1380 tempore

262 1396 392 1436 tempus
415 1394 579 1428 enuntiati
604 1394 789 1428 secundarii
813 1394 1012 1427 concordare
1035 1403 1170 1427 necesse
1195 1393 1248 1426 sit.

351 1448 457 1490 Quam
486 1447 593 1489 legem
623 1449 710 1490 apud
739 1448 894 1482 Plautum
930 1450 964 1481 et
994 1447 1184 1481 Terentium
1215 1446 1327 1480 valere

264 1501 422 1543 exemplis
445 1502 652 1535 confirmabo.

350 1554 400 1589 A,
437 1556 547 1596 Atque
567 1555 704 1597 primum
728 1555 858 1596 quidem
888 1555 972 1588 talia
1002 1555 1152 1596 exempla
1183 1547 1327 1595 afferam,

262 1608 296 1642 in
320 1608 438 1650 quibus
460 1609 666 1642 enuntiatum
700 1608 927 1643 secundarium
957 1618 1030 1642 cum
1060 1607 1328 1650 praesentis

262 1662 512 1696 infinitivo
537 1662 746 1696 coniunctum
771 1663 816 1695 sit

352 1739 383 1759 α.
407 1726 437 1758 Α
461 1725 703 1766 praesenti
726 1726 847 1767 pendet
869 1725 1069 1759 infinitivus:

307 1779 356 1813 Pl.
387 1779 480 1813 Asin.
514 1780 577 1813 149
608 1788 673 1820 sat
709 1788 751 1813 ne
778 1779 812 1812 id
842 1779 972 1820 quidem
1008 1788 1059 1812 me
1090 1778 1223 1820 dignum
1254 1786 1327 1810 esse

1061 1832 1240 1865 existumat
1305 1829 1307 1831 ’

476 1887 579 1929 Quem
604 1887 713 1928 adeat,
737 1896 831 1929 quem
849 1886 1066 1928 conloquatur
1081 1885 1220 1927 quoique
1239 1884 1327 1918 irato

1053 1939 1238 1981 supplicet?

373 1994 442 2027 Mil.
459 1994 502 2036 gl.
518 1995 577 2028 72:
594 1994 733 2028 Videtur
744 1997 872 2035 tempus
885 2002 968 2035 esse,
982 1996 1020 2027 ut
1031 2002 1144 2027 eamus
1156 1993 1198 2026 ad
1210 1992 1324 2025 forum.

375 2048 475 2081 Stich.
501 2049 567 2081 419
592 2057 656 2094 sq.:
683 2048 750 2081 scio
776 2047 859 2081 scire
883 2050 916 2080 te

477 2102 582 2138 Quam
605 2102 729 2134 multas
752 2104 858 2134 tecum
883 2101 1033 2133 miserias
1057 2100 1276 2133 mulcaverim.
