1588 2463
797 179 838 212 13

284 276 562 310 secundaria
607 279 874 318 revocatur,
922 276 1148 318 imperfectum
1186 280 1222 310 et
1260 277 1350 319 plus-

284 330 564 372 quamperfectum
586 330 776 371 plerumque
799 333 1017 372 usurpantur:
1048 330 1240 372 imperfecto
1264 331 1350 364 indi-

283 387 379 418 catur
401 384 492 417 illius
516 384 730 426 cogitationis
753 384 917 418 actionem
941 385 1055 418 eodem
1079 387 1179 425 atque
1202 384 1351 426 primarii

283 439 447 472 actionem
470 441 627 480 tempore,
653 438 973 480 plusquamperfecto
991 442 1102 472 autem
1118 441 1265 480 tempore
1281 442 1351 472 tum

283 492 349 525 iam
372 492 553 534 praeterito
578 492 701 526 factam
725 502 808 526 esse.
845 493 911 527 Sed
935 492 963 525 si
979 492 1009 525 is
1032 493 1088 533 qui
1111 492 1192 526 dicit
1217 495 1351 526 senten-

283 546 364 579 tiam
388 546 545 588 effingere
570 546 643 579 vult
674 546 785 588 talem,
820 546 914 579 cuius
944 546 1108 579 actionem
1139 546 1173 579 in
1205 546 1350 579 futurum

285 600 403 633 cadere
428 600 611 633 subiectum
634 600 781 641 primarii
806 599 1014 642 cogitaverit,
1040 599 1144 632 futuri
1168 599 1352 633 coniuncti-

282 663 359 686 vum
381 653 530 687 abhiberi
553 662 640 686 unus
663 654 750 694 apud
774 653 965 687 Terentium
988 652 1082 686 locus
1105 653 1314 694 comprobat:

326 707 446 740 Heaut.
473 708 555 741 569:
580 708 628 740 Ut
650 707 826 748 quidem...
843 706 955 748 metui,
976 706 1054 747 quid
1069 706 1352 747 futurum..esset!

284 760 364 793 Cum
387 760 578 801 imperfecto
603 760 715 802 igitur,
740 760 886 802 perfecto
910 760 1077 801 histon'co,
1102 760 1350 802 plusquamper-

286 812 373 846 fecto
397 814 589 855 regentibus
604 814 788 855 imperfecti
805 816 841 847 et
860 813 1173 855 plusquamperfecti
1197 813 1351 847 coniunc-

284 867 374 900 tivus
397 867 562 901 enuntiati
586 867 773 901 secundarii
797 867 1016 909 coniungitur.

371 921 467 962 Quod
489 921 571 954 haec
595 921 788 954 confirment
812 921 974 962 exempla:

435 974 484 1008 A.
522 975 615 1016 Quae
640 975 685 1008 sit
708 975 896 1008 consecutio
921 977 1102 1016 temporum
1125 977 1201 1015 post

657 1028 984 1069 imperfectum.

326 1081 376 1115 Pl.
402 1082 516 1123 Amph.
537 1083 643 1116 1096:
667 1083 778 1116 Aedes
793 1085 886 1116 totae
903 1082 1139 1124 confulgebant
1154 1085 1233 1116 tuae
1256 1082 1351 1123 quasi

1003 1138 1104 1169 essent
1127 1145 1258 1169 aureae.

395 1190 533 1223 Pseud.:
559 1191 640 1223 912:
665 1189 764 1223 nimis
786 1190 980 1231 metuebam,
1006 1200 1047 1224 ne
1071 1190 1196 1224 abisses.

395 1243 485 1276 Trin.
510 1244 590 1277 657:
617 1244 747 1277 Scibam
769 1246 808 1278 ut
830 1253 904 1277 esse
927 1253 978 1277 me
1001 1245 1128 1278 deceret.

394 1298 484 1330 Pers.
510 1299 592 1331 433:
617 1298 737 1331 Mirum
760 1298 838 1340 quin
863 1297 923 1331 tibi
947 1307 1007 1339 ego
1032 1298 1258 1331 erederemffl

329 1350 377 1383 Iis
399 1351 550 1385 versibus
574 1352 775 1385 antecedunt
798 1352 915 1386 verba:
943 1351 998 1393 „id
1022 1351 1082 1385 tibi
1106 1351 1288 1393 succensui,

447 1405 533 1448 Quia
556 1408 590 1439 te
614 1406 761 1447 negabas
785 1407 918 1439 credere
942 1408 1113 1447 argentum
1133 1405 1246 1438 mihi.“

373 1458 483 1499 Atque
507 1459 550 1492 ad
573 1459 607 1493 id
630 1462 759 1500 tempus
781 1469 845 1500 quo
870 1458 987 1492 Toxilo
1018 1459 1114 1492 fidem
1143 1468 1208 1492 non
1235 1458 1352 1491 habuit

286 1515 440 1553 spectans
455 1513 621 1546 Dordalus
636 1513 762 1547 ironice
778 1514 971 1554 respondet:
1001 1513 1137 1556 „Mirum
1155 1512 1255 1556 (erat)
1271 1511 1350 1553 quin

283 1564 329 1598 ibi
375 1567 457 1599 cet.“
499 1567 553 1600 Sic
591 1566 694 1609 igitur
726 1569 778 1600 est
809 1567 1019 1601 vertendum:
1054 1566 1100 1601 ‹5ss
1130 1573 1196 1600 mut
1223 1565 1350 1609 mitifici)

283 1620 480 1660 munbetlmt,
513 1620 572 1663 huss
604 1620 701 1664 nicht.
717 1647 723 1654 .
739 1621 764 1654 .!
802 1621 911 1663 „sive“
946 1625 979 1655 εδ
1013 1621 1094 1664 hfitte
1128 1620 1198 1664 nod)
1231 1619 1349 1663 gefeblt,

284 1673 423 1716 haffu!
463 1674 609 1716 Quocum
629 1675 701 1708 loco
726 1677 910 1716 congruunt
932 1675 1031 1708 Merc.
1058 1675 1133 1715 204,
1159 1673 1248 1707 Trin.
1273 1674 1349 1713 967,

285 1728 383 1761 Most.
408 1728 483 1769 493,
508 1728 564 1761 ubi
587 1738 645 1770 pro
668 1738 707 1762 eo
728 1729 814 1770 quod
835 1731 888 1762 est
911 1728 945 1761 in
968 1727 1063 1761 libn‘s
1086 1727 1212 1760 ‘mirum
1231 1727 1296 1768 qui’
1310 1736 1351 1760 ex

285 1784 377 1814 certa
386 1781 524 1823 Pyladis
535 1782 725 1815 coniectura
738 1785 829 1815 recte
840 1782 949 1816 editur
966 1782 1090 1815 ‘mirum
1103 1781 1202 1822 quin'.
1227 1781 1351 1822 Imper-

283 1834 365 1868 fecti
396 1837 507 1869 autem
535 1835 764 1869 coniunctivus
796 1836 955 1876 quomodo
990 1835 1035 1868 sit
1070 1835 1349 1876 interpretanduS‚

283 1888 418 1922 difficile
441 1892 494 1922 est
517 1889 650 1931 cognitu
667 1899 708 1923 ex
725 1899 763 1922 eo
780 1890 867 1930 quod
889 1890 928 1923 R.
946 1889 1104 1923 Kuehner
1118 1890 1159 1922 de
1176 1887 1265 1921 Trin.
1283 1889 1349 1921 967

284 1944 427 1975 annotat
435 1943 459 1986 ¹)
482 1945 617 1976 vertens
643 1947 696 1983 „ess
719 1944 801 1977 meite
824 1942 890 1986 hoel)
914 1942 1106 1982 munhetbut,
1123 1941 1248 1985 hoff!
1264 1942 1350 1975 unde

304 2068 323 2100 ¹)
355 2067 546 2102 ffussffibrlidje
564 2067 739 2096 &tammam
758 2067 804 2096 ber
824 2067 916 2096 [attin.
936 2067 1067 2102 &pruche
1085 2068 1122 2099 ΙΙ,
1141 2067 1157 2101 g
1176 2067 1234 2098 191,
1253 2074 1279 2100 p.
1297 2066 1351 2093 833

356 2114 412 2139 not.
432 2112 456 2139 4.
