1588 2463
775 165 819 198 39

260 271 420 304 praesens
453 261 624 296 consilium
660 262 835 303 referatur,
873 261 1060 303 praesentis
1096 261 1328 296 coniunctivus

263 326 336 350 cum
359 315 523 349 infinitivo
547 315 741 349 conectitur.
789 316 915 349 Eadem
939 318 991 349 est
1013 314 1100 348 ratio

308 370 381 403 Ter.
394 370 515 403 Heaut.
530 370 591 402 147
605 378 651 412 sq.
661 380 667 402 :
682 369 816 402 Decrevi
826 368 990 410 tantisper
999 379 1049 402 me
1060 368 1167 402 minus
1179 368 1329 410 iniuriae,
1341 372 1344 374 “

476 422 641 464 Chremes,
665 432 736 456 meo
761 425 862 464 gnato
886 422 1006 464 facere,
1031 423 1106 456 dum
1126 424 1206 463 fiam
1220 422 1329 456 miser.

353 475 536 518 ,‚Decrevi“
561 475 684 509 dictum
706 479 759 509 est
780 479 820 509 ut
843 475 899 518 „in
922 486 963 510 ea
986 475 1153 509 sententia
1178 478 1281 509 sum.“

353 538 544 572 Infinitivus
566 541 678 572 autem
694 538 881 580 praesentis
897 538 1042 580 perfecto
1061 537 1235 580 „memini“
1254 539 1331 571 sub-

264 593 370 626 iectus
382 601 447 625 non
463 593 505 626 ad
521 595 727 633 praesentem
743 591 841 625 huius
853 592 992 633 perfecti
1008 595 1162 625 eventum
1177 591 1330 634 refertur,

266 647 322 679 sed
345 655 417 680 cum
439 645 623 688 praeterita
645 655 730 689 quae
754 648 807 679 est
828 645 863 679 in
887 645 1033 687 perfecto
1057 645 1189 679 actione
1200 646 1222 689 ¹)
1254 656 1331 679 con-

204 693 218 699 ⁷
263 699 394 733 iunctus
417 702 486 733 tum
510 699 605 733 simul
629 699 754 742 aliquid
777 709 851 732 esse
874 699 997 733 factum
1022 699 1075 733 vel
1099 699 1202 733 fuisse
1227 699 1329 741 signi-

262 754 350 787 ficat.
396 754 515 796 Itaque
539 752 714 786 enuntiata
729 763 858 796 quoque
880 752 1077 786 secundaria
1092 752 1255 787 infinitivo
1272 753 1330 786 ad-

263 807 377 841 iuncta
406 806 449 840 ad
480 806 695 848 praeteritum
725 806 817 840 illius
847 806 990 840 actionis
1021 810 1149 848 tempus
1180 806 1331 841 revocari

264 862 520 895 consentaneum
545 863 614 894 est:

306 923 357 957 Pl.
381 923 472 956 Pers.
500 924 562 956 118
587 932 651 965 sq.:
677 923 848 956 Memini..

423 976 470 1023 Et
492 979 526 1009 te
549 985 600 1009 me
625 986 721 1010 orare
744 979 780 1010 et
801 976 880 1010 mihi
903 986 969 1010 non
993 985 1067 1010 esse
1090 977 1176 1020 quod
1199 977 1318 1010 darem.

311 1030 384 1063 Ter.
410 1030 533 1063 Heaut.
558 1030 623 1063 626
648 1039 712 1073 sq.:
749 1030 952 1063 Meministin
982 1040 1033 1063 me
1064 1039 1137 1064 esse
1160 1030 1331 1072 gravidam

647 1086 683 1116 et
704 1083 782 1116 mihi
806 1085 840 1116 te
863 1093 1013 1117 maxumo
1038 1093 1135 1125 opere
1159 1082 1288 1117 edicere

477 1136 513 1170 Si
536 1136 681 1178 puellam
700 1147 857 1179 parerem,
881 1137 970 1170 nolle
995 1137 1094 1170 tolli?

264 1199 426 1241 Tempora
448 1199 641 1241 praeterita,
665 1202 703 1233 ut
726 1208 826 1241 supra
850 1200 883 1243 (ἓ
899 1201 933 1243 3)
950 1200 1133 1241 expositum
1150 1203 1211 1243 est,
1237 1200 1330 1243 sequi

263 1256 375 1295 potest
396 1252 582 1295 praesentis
606 1252 835 1287 coniunctivus
858 1253 892 1286 in
921 1252 963 1286 iis
986 1253 1170 1287 enuntiatis
1192 1264 1329 1297 quorum

264 1306 449 1341 sententiae
482 1306 583 1340 etiam
614 1306 755 1340 dicentis
788 1310 934 1348 tempore
967 1307 1090 1341 valent.
1148 1308 1258 1350 Atque
1281 1307 1331 1341 ita

263 1361 464 1402 interpretor
487 1363 617 1402 tempus
639 1360 729 1394 hisce
752 1360 788 1393 in
812 1360 979 1394 versibus:

307 1414 356 1448 Pl.
380 1414 500 1448 Bacch.
525 1414 591 1448 575
615 1423 679 1457 sq.:
710 1414 805 1448 Nunc
834 1424 886 1448 me
915 1414 964 1448 ire
995 1415 1087 1448 iussit
1116 1415 1158 1448 ad
1189 1424 1261 1448 eam
1295 1417 1330 1448 et

1006 1468 1240 1510 percontarier,

521 1521 648 1555 Utrum‘
661 1530 776 1555 aurum
792 1522 905 1555 reddat
920 1531 1005 1555 anne
1021 1524 1072 1555 eat
1088 1531 1197 1555 secum
1213 1521 1327 1555 semul.

373 1575 460 1608 Men.
492 1576 556 1609 453
587 1584 651 1618 sq..
645 1586 652 1593 ·
690 1575 762 1608 Non
792 1576 834 1609 ad
862 1585 934 1609 eam
963 1585 1033 1609 rem
1062 1575 1173 1609 hercle
1204 1575 1330 1609 otiosos

830 1628 979 1662 homines
1001 1629 1106 1663 decuit
1128 1629 1239 1671 deligi,

520 1683 584 1725 Qui
622 1682 686 1716 uisi
726 1682 837 1716 adsint
875 1693 970 1726 quom
1010 1683 1170 1725 citentur,
1210 1692 1328 1716 census

984 1737 1116 1778 capiant
1137 1736 1240 1771 ilico?

370 1790 439 1824 Mil.
464 1790 508 1832 gl.
533 1792 593 1824 971
623 1800 686 1833 sq.:
724 1789 819 1823 Nunc
848 1792 882 1823 te
912 1799 1007 1823 orare
1030 1792 1130 1833 atque
1154 1791 1327 1824 obsecrare

898 1844 1001 1885 iussit,
1024 1847 1062 1877 ut
1085 1844 1135 1877 tui
1158 1843 1284 1885 copiam

518 1897 588 1931 Sibi
610 1899 875 1940 potestatemque
899 1898 1014 1939 facias.

297 2046 318 2080 ²)
345 2045 401 2074 Cl'r.
420 2045 512 2073 Haase
530 2045 564 2073 ad
583 2045 701 2080 Reisigii
719 2045 925 2080 „Rueleiunqen
944 2045 1011 2073 ilhet·
1031 2045 1179 2081 lateiniidye
1206 2045 1326 2081 &pruch-

349 2089 546 2125 missenfssuft‘z
565 2092 621 2118 not.
641 2090 700 2118 454.
