1588 2463
624 322 927 379 VITA.

338 499 464 563 Natus
487 539 556 563 sum
587 529 804 571 Adolphus
833 529 1067 563 Wirtzfeld
1098 530 1314 571 Siegburgiae

249 593 335 617 anno
351 583 613 617 MDCOCLXIII
634 585 730 625 patre
753 583 943 625 Adolpho,
968 581 1074 617 matre
1097 583 1314 617 Catharina

249 647 268 670 e
291 640 390 679 gente
414 637 597 678 Cremer,
623 646 759 678 quorum
776 638 949 677 utrumque
965 636 1105 678 integris
1121 636 1246 671 viribus
1264 636 1314 670 uti

250 699 372 723 summo
397 699 447 723 me
470 690 575 723 afficit
597 689 727 731 gaudio.
774 690 890 723 Fidem
921 690 1077 731 profiteor
1107 689 1312 723 catholicam.

248 743 451 777 Litterarum
481 743 654 777 elementis
692 743 837 777 imbutus
872 743 1139 786 progymnasium
1173 743 1313 785 patriae,

248 798 289 831 de
312 807 375 838 quo
398 798 455 831 Dr.
480 807 591 831 vorm
614 797 761 831 Walde
791 800 860 830 tum
890 800 1008 839 rector,
1039 806 1126 830 nunc
1156 796 1214 830 illo
1237 796 1314 830 ludo

248 851 420 892 gymnasio
432 852 522 885 facto
539 851 683 884 director
699 850 821 892 optime
837 851 975 884 meritus
990 853 1051 892 est,
1070 853 1196 892 septem
1207 859 1313 883 annos

249 904 466 945 frequentavi.
513 904 639 938 Deinde
663 904 697 937 in
721 904 893 946 gymnasio
925 904 977 943 cui
1010 905 1051 937 ab
1081 903 1314 946 augustissimo

249 959 446 1000 imperatore
470 957 634 991 Guilelmo
659 967 839 998 cognomen
863 961 916 991 est
938 957 1137 999 Coloniensi,
1154 957 1240 998 quod
1257 957 1312 990 Dr.

250 1012 357 1046 Guil.
383 1011 606 1045 Schmitzio
630 1010 793 1045 directore
824 1011 1002 1044 etiamnum
1032 1011 1136 1052 floret,
1166 1010 1315 1044 testimo-

249 1065 338 1099 nium
361 1064 566 1098 maturitatis
589 1067 761 1099 assecutus
785 1074 865 1098 sum.

338 1120 433 1152 Anno
468 1119 790 1152 MDCCOLXXXIV
824 1119 861 1152 in
895 1128 1064 1152 numerum
1092 1118 1213 1152 civium
1243 1118 1315 1151 uni-

249 1172 421 1206 versitatis
452 1171 638 1206 Bonnensis
668 1171 848 1213 inscriptus
879 1181 938 1213 per
969 1172 1021 1205 bis
1055 1181 1152 1206 senos
1186 1181 1315 1205 menses

249 1225 446 1259 lectionibus
477 1225 696 1267 professorum
736 1226 983 1267 Buecheler,
1024 1220 1314 1267 Neuhaeuser,

250 1280 427 1321 Usener,
450 1279 577 1313 Klein
601 1279 746 1313 interfui.
785 1280 894 1321 Atque
917 1281 1091 1321 postquam
1111 1279 1314 1320 Tuebingiae

249 1333 395 1375 Rhode,
438 1343 468 1367 v.
503 1333 701 1376 Schwabe,
747 1333 921 1376 Sievers,
966 1332 1114 1366 Berolini
1158 1332 1314 1366 Hirsch-

249 1387 343 1429 feld,
380 1387 578 1429 Huebner,
620 1387 837 1430 Kirchhoff‚
877 1387 1013 1421 Zeller
1051 1396 1149 1420 senos
1186 1395 1315 1420 menses

249 1440 376 1481 andivi,
416 1440 535 1474 abhinc
572 1442 654 1475 duos
693 1450 797 1475 annos
836 1441 919 1475 civis
960 1440 1159 1474 Academiae
1201 1440 1314 1482 regiae

249 1493 522 1527 Monasteriensis
544 1494 654 1528 factus
678 1504 756 1536 sum,
781 1495 837 1528 ubi
860 1495 1099 1536 Hagemann,
1125 1495 1313 1536 Langen,

249 1547 475 1589 Lehmann,
513 1548 716 1590 Lindner‚
754 1548 954 1590 Niehues,
991 1548 1132 1590 Stahl,
1166 1548 1314 1581 Storck

249 1611 300 1635 me
316 1602 506 1634 docuerunt.
531 1601 705 1635 Seminarii
722 1602 806 1644 regii
824 1602 947 1636 sodalis
961 1601 1243 1636 extraordinarius
1255 1601 1312 1635 fui.

337 1654 495 1688 Omnibus
518 1654 569 1688 his
591 1655 673 1690 viris
695 1655 903 1698 doctissimis,
928 1656 1086 1697 imprimis
1108 1656 1309 1697 Langen,

249 1718 391 1742 summas
412 1708 517 1742 habeo
541 1709 669 1751 gratias
692 1711 793 1750 atque
818 1719 890 1751 ago.

674 1735 890 1922 ΙΙ
