1588 2463
782 172 825 204 44

268 270 341 302 Non
365 270 407 303 ad
430 269 523 303 verbi
547 268 694 310 regentis
718 271 855 310 tempus,
881 269 939 303 sed
962 269 1005 302 ad
1028 268 1101 302 cius
1116 268 1172 309 qui
1187 268 1334 310 loquitur

268 322 347 364 quia
363 322 530 356 sententia
547 322 742 356 secundaria
758 322 926 363 praesenti
942 331 1070 365 quoque
1084 324 1229 363 tempore
1241 321 1334 356 valet

268 380 444 410 revocatur
466 375 673 409 enuntiatum
698 375 940 409 secundarium:

313 430 432 463 Bacch.
457 430 538 463 856:
564 429 672 462 Diaein
688 428 749 462 tibi
765 439 827 471 ego
843 429 935 462 illum
951 431 985 462 te
1001 428 1211 462 inventurum
1227 429 1336 470 qualis

1177 482 1246 516 sic?

313 538 412 571 Merc.
438 538 521 570 422:
547 536 644 569 Dixit
667 546 702 570 se
726 536 907 576 redhibere,
933 536 961 569 si
984 546 1049 570 non
1067 536 1205 577 placeat.

313 590 458 625 Offendit
481 591 602 624 autem*
615 589 845 624 coniunctivus
867 590 1007 632 perfecti

378 644 473 686 Epid.
499 646 565 677 414
590 653 678 685 sqq.:
704 644 752 677 Te
775 654 834 685 pro
858 643 926 677 filio

481 698 660 744 Facturum
684 698 767 730 dixit
789 707 858 731 rem
881 706 955 730 esse
979 696 1123 731 divinam
1146 697 1243 739 (lomi,

481 751 567 794 Quia
591 751 712 785 Thebis
736 750 848 784 salvos
870 751 1008 784 redierit.

267 805 323 838 ubi
334 804 688 847 plusquamperfectum
701 804 897 846 ‚,rediisset“
910 807 1130 845 exspectatur.
1157 806 1333 838 Numerum

268 868 385 893 versus
415 858 646 900 respicientem
676 858 831 892 Plautum
861 857 1011 899 posuisse
1033 858 1172 900 perfecti
1195 858 1332 892 formam

267 922 395 946 censeo.
431 913 607 946 Sedtamen
631 912 693 946 hac
717 921 818 946 causa
840 911 890 945 ita
914 914 1043 945 tantum
1066 912 1190 946 moveri
1213 912 1332 954 potuit,

268 966 297 999 si
313 975 354 999 ex
376 966 521 1007 perfecto
538 968 574 999 et
587 965 907 1007 plusquamperfecto
923 965 1006 999 illud
1027 965 1149 1008 eligere
1165 976 1224 1007 per
1239 976 1333 1000 usum

267 1019 397 1060 licebat,
421 1018 573 1060 quoniam
592 1019 770 1061 ‚‚rediiset“
792 1029 919 1060 quoque
942 1019 1047 1053 forma
1069 1022 1172 1053 metro
1196 1029 1332 1061 respon-

267 1073 376 1106 debat.
430 1073 548 1114 Itaque
580 1072 762 1114 perfectum
793 1072 1021 1114 explicandum
1051 1082 1124 1106 esse
1160 1074 1256 1107 credo
1292 1083 1333 1107 ea

266 1125 396 1160 ratione
420 1135 516 1167 quam
539 1126 696 1168 proposui
720 1126 754 1159 in
778 1127 796 1168 ἓ
820 1127 883 1170 5.¹)

356 1179 399 1214 G.
445 1180 498 1213 Ea
527 1180 701 1214 enuntiata
732 1179 928 1213 secundaria
951 1180 1195 1214 coniunctivum
1218 1184 1330 1222 postu-

266 1233 382 1275 lantia,
407 1243 491 1275 quae
508 1234 549 1267 ab
572 1233 822 1268 infinitivo
847 1230 1048 1275 per'fecti
1067 1243 1227 1275 suspensa
1243 1238 1329 1277 sunt,

265 1287 300 1320 in
324 1288 387 1321 duo
411 1296 535 1329 genera
559 1290 637 1320 sunt
659 1287 902 1321 distribuenda:
928 1287 997 1320 alia
1018 1290 1071 1321 est
1101 1288 1332 1322 convenientia

266 1344 456 1382 temporum,
482 1341 510 1373 si
533 1341 778 1382 praesenti
801 1341 874 1374 vel
898 1340 1054 1375 futuro
1078 1341 1205 1383 regitur
1223 1341 1331 1375 infini-

267 1394 356 1428 tivus
378 1394 526 1436 perfecti⁷
552 1394 630 1436 alia,
656 1394 684 1427 si
714 1394 807 1429 verbi
837 1394 984 1436 regentis
1014 1394 1101 1428 actio
1132 1397 1185 1428 est
1207 1405 1331 1437 prae-

266 1448 404 1481 teriti
426 1447 592 1489 temporis.

352 1502 377 1535 Ι.
416 1501 581 1535 Praesenti
601 1502 650 1535 vel
672 1502 783 1543 futwro
805 1504 929 1544 reyente
952 1502 986 1535 in
1009 1502 1192 1536 enuntiatis
1216 1513 1330 1537 secun-

266 1555 369 1588 dariis
391 1555 555 1589 infinitivo
571 1555 711 1597 perfecti
728 1555 885 1589 subiectis
901 1565 942 1589 ea
958 1559 1107 1598 tempora
1122 1557 1328 1599 adhibentur,

265 1618 349 1650 quae
380 1608 516 1643 etiam
546 1611 676 1643 reeta
707 1609 922 1643 oratione
945 1611 1156 1654 ponuntur.²)

354 1674 385 1696 α.
417 1663 497 1696 Cum
520 1662 683 1696 infinitivo
707 1662 846 1704 perfecti
876 1663 1096 1698 historici
1120 1664 1330 1707 coniungitur

651 1717 680 1750 1.
713 1726 734 1758 p
744 1726 761 1751 1·
770 1726 791 1750 a
801 1726 819 1750 e
831 1726 846 1749 s
856 1726 875 1750 e
885 1727 907 1750 n
919 1726 943 1750 S.

309 1769 357 1803 Pl.
382 1769 492 1803 Aulul.
519 1771 599 1804 743:
624 1771 671 1803 At
693 1779 754 1812 ego
778 1771 858 1804 deos
881 1772 976 1806 credo
1001 1771 1156 1814 voluisse,
1182 1775 1220 1805 ut
1239 1773 1327 1814 apud

833 1834 884 1858 me
907 1827 941 1858 te
964 1825 998 1858 in
1022 1835 1123 1859 nervo
1147 1826 1272 1859 enicem.

353 1877 517 1911 Praesens
539 1877 601 1911 hoc
623 1877 695 1911 loco
712 1878 941 1920 explicandum
957 1882 1010 1912 est
1025 1879 1138 1913 eodem
1154 1880 1248 1913 modo
1266 1889 1329 1921 quo

264 1929 298 1963 in
322 1931 340 1972 ἓ
364 1932 394 1964 3.

301 2012 322 2045 ¹)
350 2011 433 2038 Metti
452 2013 646 2039 necessitatem
663 2012 750 2040 fuisse
768 2013 887 2040 arbitror
905 2021 1016 2040 causam
1033 2013 1152 2048 perfecti
1177 2021 1226 2048 pro
1251 2014 1326 2049 plus-

352 2056 554 2090 quamperfecto
572 2057 659 2091 positi
678 2057 738 2085 Ter.
758 2057 858 2085 Heaut.
877 2057 929 2084 279
949 2065 1003 2092 sq.;
1021 2058 1063 2085 Pl.
1082 2057 1166 2085 Mero.
1184 2057 1229 2086 61.

300 2100 321 2133 ¹)
349 2099 404 2127 cfr.
425 2100 559 2134 Kuehner,
577 2101 613 2134 11,
632 2101 648 2135 ἕ
670 2101 728 2134 181,
747 2103 771 2135 5,
790 2109 852 2136 pag.
873 2101 933 2129 783.
