1588 2463
787 199 807 230 9

374 295 493 328 Bacch.
520 296 600 328 722:
626 295 744 328 Nescis
774 295 851 335 quid
882 303 943 336 ego
975 297 1106 327 acturus
1137 295 1197 327 sim
1226 305 1332 336 neque

753 348 882 382 facinus
905 351 1063 389 quantum
1086 349 1244 382 exordiar.

359 403 524 444 „Acturus
548 402 628 435 sim“
655 403 698 435 ad
722 405 826 435 totum
850 402 959 435 dolum
983 402 1039 442 qui
1063 401 1255 435 efficiendus
1283 405 1336 435 est

264 456 418 497 pertinet,
447 455 638 497 „exordiar.“
665 458 776 488 autem
799 456 842 488 ad
872 455 1120 496 apparationem
1151 455 1218 488 doli
1249 465 1333 496 quae

266 519 353 542 nunc
376 508 529 550 Chrysali
552 508 644 542 iussu
668 509 714 541 fit.

311 564 384 595 Ter.
398 563 478 596 Hec.
495 564 573 597 193:
598 562 670 595 Nisi
687 572 766 595 sane
786 572 885 595 curae
898 565 958 604 est,
980 572 1133 603 quorsum
1153 565 1335 595 eventurum

1080 616 1141 649 hoc
1164 616 1230 649 siet.

350 689 352 691 -
379 671 460 703 Hec.
486 671 569 703 614:
594 670 681 712 Quia
704 671 744 703 de
768 680 870 703 uxore
887 670 1034 703 incertus
1058 680 1128 703 sum
1142 670 1243 703 etiam
1259 670 1338 711 quid

1006 724 1066 756 sim
1089 723 1246 764 facturus.

310 817 316 822 ι
379 777 518 818 Adelph.
534 777 617 811 514:
642 777 677 810 Si
689 780 751 819 est,
771 777 802 809 is
813 777 962 818 facturus
972 779 1011 810 ut
1021 777 1063 809 sit
1075 776 1218 810 officium
1232 786 1333 817 suom,

635 831 764 864 Faciat.

355 886 421 918 Sed
435 885 523 918 haud
539 884 588 917 ita
610 894 686 917 raro
703 884 890 925 praesentis
906 894 964 925 pro
985 884 1088 917 futuri
1108 883 1337 918 coniunctivus

266 941 461 980 usurpatur,
499 938 695 979 praesertim
734 937 762 970 si
793 937 828 970 in
861 937 1028 970 sententia
1057 937 1215 978 primaria
1245 937 1338 971 verbi

267 992 358 1025 notio
382 993 425 1025 ad
448 992 595 1025 futurum
617 991 682 1024 iam
707 993 846 1033 spectat,
871 1001 936 1031 qua
958 992 999 1024 de
1022 1001 1058 1024 re
1083 991 1167 1024 conf.
1192 992 1211 1033 ξ
1235 993 1265 1025 8.

358 1045 451 1079 Talis
475 1045 578 1078 futuri
603 1045 802 1086 significatio
827 1044 915 1077 inest
937 1044 971 1077 in
994 1045 1094 1079 verbo
1111 1045 1335 1086 exspectandi.

267 1101 377 1141 Atque
393 1099 423 1132 is
440 1099 496 1140 qui
512 1099 659 1139 loquitur
672 1099 767 1132 modo
787 1107 946 1139 praesens
959 1098 1101 1132 actionis
1114 1099 1337 1140 exspectandi,

268 1154 363 1186 modo
386 1153 533 1186 futurum
552 1155 682 1193 tempus
701 1161 764 1193 quo
784 1153 871 1193 quod
889 1155 1102 1193 exspectatur
1120 1152 1192 1185 fieri
1212 1152 1340 1194 cogitat

268 1210 377 1240 mente
407 1209 526 1239 tenens
554 1207 596 1239 ad
626 1215 786 1247 praesens
818 1207 1012 1247 „exspecto“
1045 1206 1228 1247 promiscue
1259 1215 1336 1239 con-

267 1260 450 1294 iunctivum
473 1260 660 1301 praesentis
683 1263 723 1293 eb
741 1259 845 1292 futuri
870 1260 1038 1301 adiungit:

311 1314 361 1347 Pl.
387 1314 477 1347 Trin.
502 1315 559 1348 98:
585 1314 753 1355 Exspecto
778 1313 885 1355 siquid
908 1314 1007 1347 dicas.

313 1369 387 1401 Ter.
404 1368 534 1401 Phorm.
561 1369 642 1401 161:
666 1367 752 1401 Dum
776 1370 931 1409 exspecto
955 1377 1053 1408 quam
1076 1377 1151 1400 mox
1175 1368 1292 1400 veniat.

379 1422 500 1455 Phorm
517 1422 599 1455 606:
615 1421 781 1462 Exspecto
798 1430 896 1462 quam
912 1430 987 1454 mox
1001 1421 1135 1462 recipiat
1151 1430 1225 1454 sese
1239 1421 1336 1454 Geta.

358 1475 468 1508 Verba
484 1477 595 1508 autem
607 1474 744 1508 timendi
761 1474 950 1516 significant
965 1474 1247 1515 exspectationem
1264 1484 1336 1507 cum

270 1528 387 1562 timore
410 1527 546 1561 mixtam
569 1528 621 1562 his
644 1528 744 1562 locis:

314 1583 389 1616 Ter.
404 1583 506 1616 Andr.
523 1583 603 1616 274:
628 1582 752 1615 Misera
767 1581 866 1615 timeo
885 1581 1083 1624 „incertum“
1104 1582 1166 1614 hoc
1181 1590 1337 1622 quorsum

1107 1635 1250 1668 accidat.

380 1690 482 1723 Andr.
514 1691 595 1723 419:
628 1690 721 1723 Nune
751 1692 887 1723 nostrae
919 1689 1017 1722 timeo
1050 1688 1149 1730 parti,
1180 1689 1258 1729 quid
1287 1687 1341 1722 hic

1053 1742 1249 1783 respondeat.

381 1798 511 1830 Phorm.
546 1798 625 1831 178:
658 1796 757 1830 timeo
788 1796 902 1838 miser,
934 1806 1031 1837 quam
1061 1796 1115 1829 hic
1144 1795 1223 1829 mihi
1252 1805 1341 1829 nunc

460 1856 462 1858 '
1024 1850 1150 1883 nuntiet
1172 1859 1250 1882 rem.

359 1905 395 1937 Is
424 1904 479 1945 qui
509 1904 656 1945 loquitur
685 1904 771 1944 quod
803 1913 887 1944 quae
917 1903 999 1936 fient
1030 1903 1197 1944 perspicit,
1230 1912 1271 1936 ea
1304 1906 1342 1936 ut

271 1958 461 2000 praesentia
485 1958 627 1999 effingit:

316 2012 390 2045 Ter.
416 2012 516 2044 Andr.
542 2012 622 2045 385:
648 2011 700 2044 Ex
724 2021 764 2044 ea
787 2020 823 2044 re
847 2010 924 2051 quid
946 2012 1016 2052 fiat,
1041 2010 1125 2044 vide.

404 2066 505 2098 Andr.
531 2066 612 2098 498:
638 2064 716 2106 quid
739 2075 835 2107 aqam
857 2064 972 2097 habeo.

315 2120 366 2153 Pl.
390 2119 500 2152 Aulul.
528 2120 612 2153 106:
638 2119 695 2152 sed
718 2118 796 2160 quid
819 2129 913 2161 aqam
937 2117 1014 2151 seio.
