1588 2463
771 158 812 208 2⁷

259 255 461 298 cogitatione
485 258 586 296 tenet,
604 255 754 296 quoniam
774 255 940 288 sententia
955 255 1064 288 finalis
1082 259 1141 296 „ut
1155 255 1327 288 efficeret“

257 311 300 343 ad
323 310 406 343 illud
430 312 558 350 tempus
582 309 797 350 praeteritum
827 309 971 342 refertur
1000 312 1036 342 et
1063 308 1254 351 pronomine
1275 318 1326 341 re-

258 363 376 397 flexivo
408 362 514 404 ‚,sibi“
551 363 757 396 enuntiatum
791 362 959 404 effingitur
991 362 1158 396 sententia
1188 362 1329 396 subiecti

258 416 356 450 huius
380 416 546 449 enuntiati
568 416 687 449 finalis
735 416 837 457 Atqui
862 426 934 450 cum
964 416 1103 458 tempori
1133 416 1325 458 praeterito,

258 471 345 512 quod
381 470 568 511 ‚‚efficeret“
601 470 782 512 signifieat,
813 470 935 504 locatio
973 470 1205 511 antecesserit,
1238 470 1328 511 plus-

257 523 494 565 quamperfecti
518 523 747 557 coniunctivus
770 526 991 565 exspectatur,
1013 526 1052 557 ut

304 577 423 610 Bacch.
443 578 523 611 788:
549 577 677 610 Orabat
691 577 778 617 quod
793 577 870 610 istic
886 580 976 611 esset
996 577 1152 618 scriptum
1167 580 1206 611 ut
1220 577 1322 610 fieret.

256 631 366 671 Atque
390 630 562 671 quominus
584 630 755 664 librarium
778 640 933 672 peccasse
964 633 1125 672 putemuS,
1160 639 1233 664 cum
1256 640 1323 664 om-

256 684 344 717 nium
369 684 514 717 codicum
538 684 710 718 consensio
734 688 803 717 tum
827 684 1001 726 praecipue
1026 684 1151 717 similes
1180 683 1245 717 loci
1268 684 1323 717 ubi
1351 706 1352 709 =

255 738 435 780 perfectum
450 748 508 779 pro
525 737 844 779 plusquamperfecto
868 738 1010 779 positum
1028 741 1081 771 est
1103 737 1175 781 (cfr.
1193 746 1325 771 versum

256 794 331 833 post
353 792 414 824 hos
436 792 640 834 tractatum),
665 791 854 833 impediunt.
903 792 975 825 Hoc
998 794 1128 833 tempus
1150 791 1200 824 ita
1219 790 1322 824 inter-

256 847 384 887 pretor,
419 847 456 878 ut
488 845 688 886 perfectum,
726 845 812 885 quod
851 844 1016 878 actionem
1050 844 1216 887 significat
1248 847 1326 878 ante

256 898 493 940 loquentis
532 901 660 940 tempus
699 898 841 940 factam,
881 898 963 931 hac
1000 899 1053 932 ad
1090 898 1329 940 loquentis

256 955 429 993 tempus
451 952 686 985 relatione
710 952 959 985 obscurata
982 952 1159 986 omnino
1192 952 1327 986 actio-

255 1014 346 1038 nem
379 1008 484 1039 ante
516 1005 559 1039 id
592 1008 763 1047 tempus
795 1006 911 1046 quod
941 1005 1014 1047 qui
1044 1006 1184 1039 verba
1206 1005 1329 1040 facit

255 1061 401 1092 mente
444 1062 573 1092 tenet
607 1059 775 1092 factam
813 1059 846 1092 in
886 1059 1069 1093 enuntiatis
1107 1059 1327 1101 pendentibus

256 1111 415 1145 sermonis
438 1112 596 1145 cotidiani
620 1112 800 1153 exprimere
824 1122 921 1154 posse
953 1113 1157 1147 contendam.
1205 1114 1323 1155 Itaque

254 1166 316 1199 hoc
339 1165 520 1207 perfectum
542 1168 696 1199 naturam
719 1165 1031 1208 plusquamperfecti
1068 1166 1208 1208 attingit
1239 1167 1325 1200 sieut

254 1219 288 1253 in
320 1219 499 1253 vernacula
527 1219 680 1263 lingua.1)
733 1220 828 1262 Quod
863 1220 1048 1254 confirmari
1083 1220 1162 1254 mihi
1195 1221 1326 1254 videtur

253 1272 412 1315 imprimis
434 1273 496 1307 hoc
518 1274 611 1307 loeo:

300 1327 416 1369 Amph.
442 1328 507 1361 745
532 1337 598 1368 sq.:
625 1328 752 1370 Quippe
776 1327 833 1369 qui
864 1338 905 1361 ex
935 1330 968 1361 te
999 1328 1122 1370 audivi,
1154 1331 1192 1362 ut
1214 1329 1326 1362 urbem

1060 1391 1244 1415 maxumam

601 1435 863 1477 Ezpuynavisses
875 1444 1050 1476 regemque
1070 1435 1237 1469 Pterelam
1254 1439 1326 1469 tute

1079 1490 1237 1523 occideris.

344 1541 435 1583 Quos
465 1550 580 1575 versus
608 1542 742 1575 Brixius
750 1544 777 1586 2)
807 1543 876 1576 illis
905 1543 1111 1585 adnumerat,
1143 1543 1176 1576 in
1209 1543 1327 1584 quibus

254 1595 355 1634 poeta
379 1597 483 1628 metro
505 1595 651 1629 cesserit.
692 1596 740 1628 At
754 1599 793 1629 ut
808 1597 893 1630 hanc
908 1597 1138 1630 difficultatem
1153 1597 1323 1630 metricam

254 1646 409 1688 evitaret,
426 1647 505 1689 quid
517 1651 569 1681 est
581 1659 639 1683 cur
654 1652 753 1691 poeta
765 1650 1050 1692 ‚,expugnaveris“
1067 1660 1133 1684 non
1147 1650 1324 1692 scripserit.

252 1702 399 1735 Metrum
422 1702 591 1736 obstitisse
614 1713 708 1737 nemo
733 1704 798 1737 erit
813 1704 868 1745 qui
884 1704 982 1738 dicat.
1023 1704 1135 1745 Neque
1152 1704 1320 1738 sententia

252 1754 416 1796 prohiberi
439 1755 557 1798 potuit,
581 1766 623 1790 ne
638 1757 820 1798 perfectum
836 1757 1002 1799 ,‚audivi“,
1021 1757 1107 1804 sicut
1128 1757 1319 1799 ‚‚na1ravit“

252 1809 479 1843 antecedentis
506 1819 631 1852 versuS‚
663 1820 721 1852 pro
752 1811 898 1852 perfecto
930 1811 1139 1853 praesentiae
1170 1811 1318 1845 haberet.

253 1862 346 1904 Quod
359 1866 470 1896 autem
482 1863 666 1897 Wetzelius
673 1865 699 1908 ⁸)
717 1864 1071 1906 plusquamperfectum
1089 1864 1233 1906 positum
1250 1874 1324 1898 esse

291 1960 311 1993 ¹)
338 1960 465 1996 Exempli
483 1969 582 1989 cauea:
609 1962 646 1997 ici)
672 1962 770 1998 fruqte'
795 1963 830 1990 nb
857 1970 885 1990 et
905 1962 952 1997 ibn
972 1962 1080 1998 geiefyen
1100 1962 1169 1997 barae
1189 1963 1317 1990 sive....

629 2007 738 2042 geietyen
757 2007 839 2042 butte.

290 2048 310 2081 ⁵)
338 2049 367 2076 in
386 2052 528 2078 comment.
548 2051 606 2078 Mil.
624 2052 662 2085 gl.
681 2051 739 2079 adv.
760 2052 818 2079 131.

289 2093 311 2129 ⁸)
337 2094 355 2122 1.
374 2102 396 2122 c.
415 2102 441 2132 p.
462 2095 495 2124 12
514 2104 562 2133 sq„
582 2105 608 2125 n.
626 2097 652 2125 3.
