1588 2463
776 158 818 193 23

309 256 539 298 „Repperisti“
564 255 703 298 aequale
724 258 776 288 est
800 256 984 297 ,‚optines“.

309 311 382 343 Ter.
407 310 537 343 Phorm.
562 310 643 342 522:
668 308 812 350 Repperi
834 309 888 351 qui
912 309 962 342 det
985 318 1090 352 neque
1115 309 1274 342 lacrumet.

263 364 476 408 [Quibuscum
500 363 658 404 exemplis
681 362 736 405 qui
760 362 1002 404 comparaverit
1024 362 1110 396 hunc
1133 363 1239 396 locum

307 418 404 450 Most.
424 417 488 450 715
505 426 569 459 sq.:
594 417 668 449 Hoc
690 416 807 449 habet:
829 416 959 457 repperi
977 416 1032 458 qui
1050 426 1160 449 senem
1175 417 1328 457 ducerem,

594 470 665 512 Quo
683 469 757 503 dolo
775 480 796 502 a
811 480 861 502 me
878 469 1022 503 dolorem
1039 470 1152 510 procul
1168 469 1328 510 pellerem.

262 524 293 557 ei
317 523 433 557 mirum
456 523 521 556 erit
549 524 636 565 quod
665 523 849 565 imperfecti
882 522 1111 556 coniunctivus
1140 523 1324 556 adhibetur.

263 578 358 614 Quod
389 581 519 618 tempus
549 579 638 610 recte
672 577 828 610 Rothium
865 577 1061 618 explanasse
1092 577 1136 619 (p.
1166 578 1221 621 10)
1251 577 1330 611 mihi

262 640 454 672 persuasum
488 633 551 664 est.
615 631 737 664 Servus
769 630 854 663 enim
887 630 1087 672 aliquamdiu
1120 634 1196 671 post
1228 631 1330 664 verba

262 684 494 718 antecedentia
525 684 698 726 meditans,
729 683 807 726 quia
836 685 878 717 ad
908 685 1004 717 finem
1035 684 1164 718 consilii
1187 684 1326 718 veniens

262 747 297 771 se
313 748 354 771 ea
369 747 454 781 quae
471 738 583 779 cupiat
601 740 828 771 assecuturum
845 747 918 770 esse
933 737 1102 779 intellegit
1116 737 1166 770 ita
1181 737 1327 780 loquitur

261 791 355 834 quasi
379 792 475 825 dolus
499 801 534 824 re
558 801 638 825 vera
661 791 725 825 iam
750 792 833 824 bene
857 791 1014 824 evenerit.
1062 792 1157 833 Quod
1180 791 1230 825 ita
1252 800 1327 825 esse

261 845 400 879 maxime
433 845 599 891 indicatur
628 845 688 878 illa
718 844 863 878 dictione
895 845 977 886 „hoc
1006 845 1138 887 habet“‚
1170 855 1254 888 quae
1285 844 1328 878 ad

260 899 474 941 praeteritam
498 901 628 932 tantum
644 898 807 932 actionem
824 898 940 931 referri
957 901 1075 939 potest.
1083 899 1105 942 ¹)
1141 898 1329 932 Perfectum

260 952 362 994 igitur
392 953 563 994 „repperi“
595 955 648 986 est
679 952 859 994 perfectum
891 952 1096 993 historicum,
1130 962 1196 991 non
1230 962 1326 994 prae-

262 1006 441 1050 sentiae.²)]

304 1096 395 1129 Pers.
413 1096 478 1129 325
496 1105 580 1139 sqq.:
606 1095 688 1128 Nam
705 1095 770 1128 iam
787 1095 913 1128 omneis
930 1095 1165 1137 sycophantias
1186 1096 1325 1128 instruxi

997 1151 1032 1182 et
1054 1150 1236 1190 conparavi,

496 1203 568 1245 Quo
584 1205 681 1244 pacto
698 1203 740 1236 ab
755 1202 874 1236 lenone
891 1203 1040 1243 auferam
1063 1203 1124 1236 hoc
1140 1205 1324 1245 argentum,

494 1257 541 1289 Et
563 1255 681 1289 mulier
702 1260 741 1289 ut
762 1257 803 1289 sit
826 1256 931 1290 libera
954 1259 1053 1298 atque
1076 1255 1147 1297 ipse
1170 1256 1258 1289 ultro
1276 1256 1327 1290 det

1098 1313 1279 1351 argentum.

258 1363 412 1397 Perfecta
420 1363 474 1405 „in
479 1363 584 1397 struxi
594 1367 629 1396 et
639 1364 837 1405 conparavi“
846 1363 931 1397 idem
941 1366 1018 1397 sunt
1027 1368 1126 1406 atque
1134 1366 1325 1405 „promptae

260 1417 338 1450 mihi
362 1419 468 1450 sunt.“

347 1470 415 1503 Mil.
441 1470 483 1511 gl.
511 1471 612 1504 1269:
645 1471 769 1503 Induxi
798 1471 832 1504 in
863 1471 1005 1504 animum
1035 1480 1077 1504 ne
1105 1472 1223 1504 oderim
1246 1471 1325 1504 item

1086 1527 1124 1557 ut
1139 1524 1234 1558 alias.

348 1576 486 1619 „Induxi
502 1577 536 1610 in
553 1577 716 1611 animum“
733 1577 832 1611 facile
844 1577 1026 1611 mutaveris
1042 1587 1113 1611 cum
1131 1578 1324 1620 „consilium

257 1630 336 1664 mihi
359 1633 443 1664 est.“

301 1685 341 1717 In
365 1684 516 1718 versibus
539 1685 607 1718 Mil.
629 1686 672 1726 gl.
698 1687 780 1719 867:

415 1739 512 1772 Modo
536 1739 678 1771 intellexi
699 1749 796 1780 quam
819 1749 887 1772 rem
911 1739 1028 1773 mulier
1046 1741 1182 1781 yesserit.

299 1791 391 1825 Asin.
408 1793 467 1826 35:
493 1792 589 1825 Modo
602 1792 657 1834 pol
674 1793 810 1834 percepi,
827 1792 964 1834 Libane,
985 1793 1064 1834 quid
1079 1793 1166 1827 istuc
1184 1794 1225 1826 sit
1242 1793 1317 1827 loci.

256 1845 451 1879 obversatur
475 1846 641 1880 sententia
666 1856 773 1889 „nunc
790 1847 879 1880 scio“
897 1846 967 1880 sive
984 1846 1071 1888 „iam
1088 1849 1207 1880 teneo“
1226 1847 1319 1881 cuius

255 1897 541 1941 interpretationis
564 1903 756 1942 argumento
781 1903 834 1933 est
855 1901 955 1934 Poen.
983 1902 1064 1935 768:

413 1953 480 1987 iam
502 1956 610 1996 teneo,
634 1954 712 1995 quid
735 1954 794 1987 sit:
820 1954 972 1996 perspexi
997 1956 1101 1989 modo.

294 2051 313 2082 ¹)
340 2051 395 2078 Cfr.
414 2051 496 2084 locos,
514 2061 582 2087 quos
601 2052 748 2079 Lorenzius
767 2053 801 2080 ad
821 2053 903 2080 Most.
923 2053 975 2081 715
994 2053 1115 2089 collegit.

291 2094 313 2127 ²)
338 2094 394 2127 Cfr.
413 2095 497 2127 Andr.
516 2096 568 2129 603
589 2098 617 2125 ot
636 2096 768 2128 Rotbium
785 2105 811 2137 p.
833 2098 874 2127 10.
