1588 2463
776 206 819 239 33

332 304 414 337 Post
436 312 594 345 praesens
609 303 800 337 historicum
817 313 888 336 cum
904 303 1069 345 particula
1089 305 1207 345 „dum“
1231 314 1308 337 con-

244 357 390 390 iunctum
432 357 609 391 Terentius
648 357 783 391 adhibet
821 357 1004 398 imperfecti
1046 357 1306 391 coniunctivum:

243 412 365 445 Heaut.
390 412 453 444 491
480 420 544 452 sq.:

350 465 504 498 Somnum
519 464 629 497 hercle
653 473 714 505 ego
730 464 792 497 hac
807 466 905 497 nocte
922 463 1027 497 oculis
1043 473 1108 497 non
1132 464 1199 498 vidi
1215 464 1307 506 meis,

349 518 434 552 Dum
457 517 492 551 id
514 527 647 559 quaero,
672 517 733 551 tibi
757 517 813 559 qui
836 517 939 551 filium
962 517 1181 551 restituerem.

287 571 424 614 Adelph.
451 573 532 605 868:
557 571 633 605 heia
662 575 783 613 autem,
814 572 890 605 dum
914 572 1029 605 studeo
1059 571 1129 604 illis
1151 574 1190 605 ut
1212 581 1308 612 quam

1047 624 1221 666 plurimum

554 679 723 721 Facerem,
748 678 891 712 contrivi
902 704 988 712 .....

739 813 810 855 ξ’ῒ.

331 895 371 927 In
409 893 594 928 enuntiatis
632 894 836 928 secundariis
875 904 947 928 cum
984 894 1193 928 coniunctivo
1232 904 1309 928 con-

243 948 409 982 struendis
432 957 516 990 quae
540 958 612 981 cum
635 947 892 981 irrealibus
923 948 1098 981 sententiis
1122 948 1165 982 ad
1187 958 1310 994 prae-

244 1011 347 1036 sens
369 1005 543 1043 tempus
566 1001 809 1042 pertinentibus
825 1002 1011 1043 cohaerent,
1037 1001 1309 1043 imperfecto

242 1058 380 1098 regente
399 1055 583 1097 imperfecti
599 1055 828 1089 coniunctivus
839 1055 981 1097 ponitur,
1006 1055 1088 1088 nisi
1112 1056 1311 1089 actiones

243 1119 385 1143 eornm
407 1119 451 1143 re
475 1119 577 1143 vera
600 1109 702 1142 fieri
726 1109 954 1151 cogitatur.

287 1163 337 1196 Pl.
361 1163 454 1196 Asin.
479 1164 545 1196 674
570 1172 631 1204 sq.:
658 1162 686 1196 si
709 1163 771 1196 hoc
793 1172 898 1196 meum
922 1165 1021 1204 esset,
1045 1163 1142 1197 hodie

481 1217 663 1258 Numquam
687 1226 738 1250 me
762 1225 876 1250 orares
899 1216 977 1258 quin
1000 1217 1118 1250 darem.

349 1270 468 1304 Bacch.
494 1271 559 1304 554
584 1279 646 1311 sq*
677 1270 761 1304 Nam
784 1270 819 1303 ni
843 1271 894 1304 ita
917 1273 1018 1313 esset,
1050 1273 1158 1304 tecum
1182 1280 1309 1304 orarem

778 1327 817 1357 ut
839 1324 872 1357 ei
894 1325 980 1365 quod
1003 1332 1119 1365 posses
1141 1323 1219 1357 mali

677 1377 803 1411 Facere
827 1377 957 1419 faceres.

288 1431 362 1464 Ter.
387 1432 489 1464 Andr.
514 1432 599 1465 606:
628 1431 764 1465 Utinam
787 1431 866 1465 mihi
890 1434 980 1465 esset
1002 1431 1127 1473 aliquid
1149 1432 1212 1473 hic,
1245 1441 1308 1472 quo

728 1475 815 1518 nunc
837 1494 888 1518 me
912 1484 1125 1527 praecipitem
1148 1486 1264 1519 darem.

349 1537 434 1571 Eun.
458 1539 500 1571 91
527 1547 612 1579 sqq.:
637 1538 764 1572 utinam
788 1541 878 1572 esset
900 1538 980 1572 mihi

455 1592 540 1625 Pars
563 1601 670 1633 aequa
693 1592 816 1626 amoris
838 1595 946 1626 tecum
970 1603 1010 1626 ac
1032 1592 1158 1634 pariter
1180 1593 1284 1634 fieret,

456 1645 502 1678 Ut
524 1648 585 1678 aut
607 1646 669 1679 hoc
692 1645 753 1679 tibi
776 1646 892 1680 doleret
914 1646 1028 1680 itidem
1055 1648 1093 1680 ut
1115 1646 1194 1679 mihi
1218 1646 1309 1680 dolet

453 1698 523 1732 Aut
546 1708 607 1740 ego
628 1699 715 1733 istuc
738 1700 798 1733 abs
817 1703 851 1733 te
869 1699 994 1733 factum
1012 1699 1107 1733 nihili
1119 1700 1310 1741 penderem!

347 1752 427 1786 Hec.
454 1753 518 1785 756
544 1762 605 1794 sq.:
631 1753 775 1794 Faciam,
810 1754 896 1795 quod
918 1754 982 1795 pol,
1013 1753 1040 1786 si
1065 1756 1155 1787 esset
1177 1753 1246 1787 alia
1268 1763 1310 1786 ex

606 1806 670 1840 hoc
693 1809 844 1849 quaestu,
868 1808 956 1841 haud
978 1807 1115 1849 faceret,
1141 1807 1218 1849 scio,

453 1860 502 1893 Ut
523 1861 563 1893 de
584 1860 646 1893 tali
666 1870 767 1894 causa
782 1857 905 1902 nuptae
929 1860 1058 1895 mulieri
1075 1870 1111 1895 se
1126 1861 1307 1894 ostenderet.

288 1912 328 1945 Iu
352 1913 503 1947 versibus
525 1916 637 1948 autem
659 1914 778 1948 Pseud.
802 1916 823 1948 3
848 1924 933 1956 sqq.:

403 1967 438 2000 Si
462 1977 503 2001 ex
526 1970 560 2000 te
584 1970 717 2001 tacente
740 1968 812 2001 fieri
829 1978 955 2009 possem
979 1968 1109 2010 certior,

366 2030 369 2034 ’
400 2020 476 2062 Ere,
501 2031 585 2064 quae
609 2021 761 2055 miseriae
785 2024 819 2054 te
843 2024 910 2055 tam
935 2021 1052 2055 misere
1075 2024 1242 2063 macerent,

402 2074 547 2108 Duorum
571 2075 678 2108 labori
702 2084 763 2117 ego
791 2075 956 2109 hominum
980 2075 1157 2117 parsissem
1181 2075 1306 2108 lubens,

241 2126 428 2167 praesentis
458 2127 689 2163 coniunctivus
718 2131 912 2170 usurpatur,
943 2129 1021 2170 quia
1051 2138 1166 2162 servus
1196 2137 1306 2162 veram

1199 2205 1217 2233 3
