<?xml version="1.0" encoding="UTF-8"?>
<!DOCTYPE html PUBLIC "-//W3C//DTD XHTML 1.0 Transitional//EN"
    "http://www.w3.org/TR/xhtml1/DTD/xhtml1-transitional.dtd">
<html xmlns="http://www.w3.org/1999/xhtml" xml:lang="en" lang="en">
 <head>
  <title>
</title>
<meta http-equiv="Content-Type" content="text/html;charset=utf-8" />
  <meta name='ocr-system' content='tesseract 3.04.00' />
  <meta name='ocr-capabilities' content='ocr_page ocr_carea ocr_par ocr_line ocrx_word'/>
</head>
<body>
  <div class='ocr_page' id='page_1' title='image "./deconsecutionet01wirtgoog_00051.png"; bbox 0 0 1588 2463; ppageno 0'>
   <div class='ocr_carea' id='block_1_1' title="bbox 753 180 795 213">
    <p class='ocr_par' dir='ltr' id='par_1_1' title="bbox 753 180 795 213">
     <span class='ocr_line' id='line_1_1' title="bbox 753 180 795 213; baseline 0 0"><span class='ocrx_word' id='word_1_1' title='bbox 753 180 795 213; x_wconf 80' lang='lat'><strong>47</strong></span> 
     </span>
    </p>
   </div>
   <div class='ocr_carea' id='block_1_2' title="bbox 242 275 1309 1230">
    <p class='ocr_par' dir='ltr' id='par_1_2' title="bbox 242 275 1307 470">
     <span class='ocr_line' id='line_1_2' title="bbox 330 275 1305 319; baseline -0.001 -9"><span class='ocrx_word' id='word_1_2' title='bbox 330 278 374 310; x_wconf 90' lang='lat' dir='ltr'><strong>II.</strong></span> <span class='ocrx_word' id='word_1_3' title='bbox 410 277 444 310; x_wconf 86' lang='lat' dir='ltr'><strong>Si</strong></span> <span class='ocrx_word' id='word_1_4' title='bbox 460 277 584 310; x_wconf 83' lang='lat' dir='ltr'><strong><em>verbum</em></strong></span> <span class='ocrx_word' id='word_1_5' title='bbox 602 287 712 318; x_wconf 64' lang='lat' dir='ltr'><strong><em>regens</em></strong></span> <span class='ocrx_word' id='word_1_6' title='bbox 727 276 892 319; x_wconf 79' lang='lat' dir='ltr'><strong>significat</strong></span> <span class='ocrx_word' id='word_1_7' title='bbox 910 277 1073 311; x_wconf 80' lang='lat' dir='ltr'>actionem</span> <span class='ocrx_word' id='word_1_8' title='bbox 1092 275 1305 318; x_wconf 77' lang='lat' dir='ltr'><strong>praeteritam,</strong></span> 
     </span>
     <span class='ocr_line' id='line_1_3' title="bbox 242 330 1307 372; baseline 0.001 -9"><span class='ocrx_word' id='word_1_9' title='bbox 242 330 459 371; x_wconf 74' lang='lat' dir='ltr'><strong><em>imperfectum</em></strong></span> <span class='ocrx_word' id='word_1_10' title='bbox 482 333 606 363; x_wconf 80' lang='lat' dir='ltr'><strong>tantum</strong></span> <span class='ocrx_word' id='word_1_11' title='bbox 634 333 668 363; x_wconf 89' lang='lat' dir='ltr'><strong>et</strong></span> <span class='ocrx_word' id='word_1_12' title='bbox 689 331 1038 372; x_wconf 53' lang='lat' dir='ltr'><strong><em>plusquamperfectum</em></strong></span> <span class='ocrx_word' id='word_1_13' title='bbox 1067 331 1100 364; x_wconf 89' lang='lat' dir='ltr'><strong>in</strong></span> <span class='ocrx_word' id='word_1_14' title='bbox 1125 331 1307 364; x_wconf 80' lang='lat' dir='ltr'><strong>enuntiatis</strong></span> 
     </span>
     <span class='ocr_line' id='line_1_4' title="bbox 243 383 1307 425; baseline 0.003 -10"><span class='ocrx_word' id='word_1_15' title='bbox 243 383 447 417; x_wconf 82' lang='lat' dir='ltr'>secundariis</span> <span class='ocrx_word' id='word_1_16' title='bbox 463 393 534 417; x_wconf 81' lang='lat' dir='ltr'><strong>eum</strong></span> <span class='ocrx_word' id='word_1_17' title='bbox 556 383 614 417; x_wconf 87' lang='lat' dir='ltr'><strong>inf.</strong></span> <span class='ocrx_word' id='word_1_18' title='bbox 631 383 769 425; x_wconf 82' lang='lat' dir='ltr'><strong>perfecti</strong></span> <span class='ocrx_word' id='word_1_19' title='bbox 786 383 971 417; x_wconf 83' lang='lat' dir='ltr'><strong>coniunctis</strong></span> <span class='ocrx_word' id='word_1_20' title='bbox 986 387 1160 425; x_wconf 79' lang='lat' dir='ltr'><strong>ponuntur.</strong></span> <span class='ocrx_word' id='word_1_21' title='bbox 1197 385 1307 425; x_wconf 87' lang='lat' dir='ltr'><strong>Atque</strong></span> 
     </span>
     <span class='ocr_line' id='line_1_5' title="bbox 242 436 417 470; baseline 0.006 -1"><span class='ocrx_word' id='word_1_22' title='bbox 242 436 340 469; x_wconf 87' lang='lat' dir='ltr'><strong>testis</strong></span> <span class='ocrx_word' id='word_1_23' title='bbox 364 439 417 470; x_wconf 87' lang='lat' dir='ltr'><strong>est</strong></span> 
     </span>
    </p>

    <p class='ocr_par' dir='ltr' id='par_1_3' title="bbox 243 490 1309 1230">
     <span class='ocr_line' id='line_1_6' title="bbox 286 490 1309 533; baseline 0.001 -10"><span class='ocrx_word' id='word_1_24' title='bbox 286 490 336 523; x_wconf 93' lang='lat' dir='ltr'><strong>Pl.</strong></span> <span class='ocrx_word' id='word_1_25' title='bbox 360 491 460 524; x_wconf 82' lang='lat' dir='ltr'><strong>Mero.</strong></span> <span class='ocrx_word' id='word_1_26' title='bbox 485 492 527 524; x_wconf 85' lang='lat'><strong>67</strong></span> <span class='ocrx_word' id='word_1_27' title='bbox 553 499 617 531; x_wconf 85' lang='lat' dir='ltr'><strong><em>sq.:</em></strong></span> <span class='ocrx_word' id='word_1_28' title='bbox 642 493 743 532; x_wconf 76' lang='lat' dir='ltr'><strong>atque</strong></span> <span class='ocrx_word' id='word_1_29' title='bbox 766 490 929 532; x_wconf 83' lang='lat' dir='ltr'><strong>extemplo</strong></span> <span class='ocrx_word' id='word_1_30' title='bbox 947 491 1032 532; x_wconf 82' lang='lat' dir='ltr'><strong>inde,</strong></span> <span class='ocrx_word' id='word_1_31' title='bbox 1057 494 1095 525; x_wconf 90' lang='lat' dir='ltr'><strong>ut</strong></span> <span class='ocrx_word' id='word_1_32' title='bbox 1109 492 1309 533; x_wconf 79' lang='lat' dir='ltr'><strong><em>spectavisset</em></strong></span> 
     </span>
     <span class='ocr_line' id='line_1_7' title="bbox 1076 544 1217 586; baseline 0 -9"><span class='ocrx_word' id='word_1_33' title='bbox 1076 544 1217 586; x_wconf 85' lang='lat' dir='ltr'><strong>peplum,</strong></span> 
     </span>
     <span class='ocr_line' id='line_1_8' title="bbox 455 590 1290 640; baseline 0 -9"><span class='ocrx_word' id='word_1_34' title='bbox 455 598 526 631; x_wconf 86' lang='lat' dir='ltr'><strong>Rus</strong></span> <span class='ocrx_word' id='word_1_35' title='bbox 549 607 659 631; x_wconf 87' lang='lat' dir='ltr'><strong><em>rusum</em></strong></span> <span class='ocrx_word' id='word_1_36' title='bbox 684 597 857 631; x_wconf 79' lang='lat' dir='ltr'><strong>confestim</strong></span> <span class='ocrx_word' id='word_1_37' title='bbox 881 598 969 640; x_wconf 84' lang='lat' dir='ltr'>exigi</span> <span class='ocrx_word' id='word_1_38' title='bbox 992 590 1118 631; x_wconf 58' lang='lat' dir='ltr'><strong>solitum</strong></span> <span class='ocrx_word' id='word_1_39' title='bbox 1142 608 1162 631; x_wconf 83' lang='lat' dir='ltr'><strong>a</strong></span> <span class='ocrx_word' id='word_1_40' title='bbox 1186 601 1290 639; x_wconf 79' lang='lat' dir='ltr'><strong>patre.</strong></span> 
     </span>
     <span class='ocr_line' id='line_1_9' title="bbox 352 651 1306 697; baseline 0 -13"><span class='ocrx_word' id='word_1_41' title='bbox 352 651 452 685; x_wconf 81' lang='lat' dir='ltr'><strong>Mero.</strong></span> <span class='ocrx_word' id='word_1_42' title='bbox 476 652 517 684; x_wconf 80' lang='lat'><strong>73</strong></span> <span class='ocrx_word' id='word_1_43' title='bbox 542 660 627 697; x_wconf 81' lang='lat' dir='ltr'><strong><em>sqq.:</em></strong></span> <span class='ocrx_word' id='word_1_44' title='bbox 653 653 831 693; x_wconf 83' lang='lat' dir='ltr'><strong>Postquam</strong></span> <span class='ocrx_word' id='word_1_45' title='bbox 854 654 983 685; x_wconf 74' lang='lat' dir='ltr'><strong>recesset</strong></span> <span class='ocrx_word' id='word_1_46' title='bbox 1012 651 1084 685; x_wconf 78' lang='lat' dir='ltr'><strong>vita</strong></span> <span class='ocrx_word' id='word_1_47' title='bbox 1107 651 1214 693; x_wconf 81' lang='lat' dir='ltr'><strong>patrio</strong></span> <span class='ocrx_word' id='word_1_48' title='bbox 1235 661 1306 685; x_wconf 83' lang='lat' dir='ltr'><strong><em>cor-</em></strong></span> 
     </span>
     <span class='ocr_line' id='line_1_10' title="bbox 1129 715 1217 747; baseline -0.011 -8"><span class='ocrx_word' id='word_1_49' title='bbox 1129 715 1217 747; x_wconf 85' lang='lat' dir='ltr'><strong><em>pore,</em></strong></span> 
     </span>
     <span class='ocr_line' id='line_1_11' title="bbox 525 759 1257 800; baseline 0.001 -9"><span class='ocrx_word' id='word_1_50' title='bbox 525 759 649 800; x_wconf 77' lang='lat' dir='ltr'>Agrum</span> <span class='ocrx_word' id='word_1_51' title='bbox 674 768 709 792; x_wconf 85' lang='lat' dir='ltr'><strong><em>se</em></strong></span> <span class='ocrx_word' id='word_1_52' title='bbox 732 759 908 792; x_wconf 75' lang='lat' dir='ltr'><strong><em>vendidisse</em></strong></span> <span class='ocrx_word' id='word_1_53' title='bbox 931 762 1030 800; x_wconf 83' lang='lat' dir='ltr'><strong>atque</strong></span> <span class='ocrx_word' id='word_1_54' title='bbox 1054 768 1095 792; x_wconf 83' lang='lat' dir='ltr'><strong>ea</strong></span> <span class='ocrx_word' id='word_1_55' title='bbox 1118 759 1257 800; x_wconf 77' lang='lat' dir='ltr'><strong>pecunia</strong></span> 
     </span>
     <span class='ocr_line' id='line_1_12' title="bbox 522 813 1291 854; baseline 0 -9"><span class='ocrx_word' id='word_1_56' title='bbox 522 813 657 854; x_wconf 76' lang='lat' dir='ltr'><strong>Navem⁷</strong></span> <span class='ocrx_word' id='word_1_57' title='bbox 682 814 842 845; x_wconf 82' lang='lat' dir='ltr'><strong>metretas</strong></span> <span class='ocrx_word' id='word_1_58' title='bbox 865 822 949 853; x_wconf 84' lang='lat' dir='ltr'><strong>quae</strong></span> <span class='ocrx_word' id='word_1_59' title='bbox 973 815 1142 845; x_wconf 83' lang='lat' dir='ltr'><strong>trecentas</strong></span> <span class='ocrx_word' id='word_1_60' title='bbox 1164 813 1291 854; x_wconf 74' lang='lat' dir='ltr'><strong>tolleret,</strong></span> 
     </span>
     <span class='ocr_line' id='line_1_13' title="bbox 525 865 1308 907; baseline 0 -8"><span class='ocrx_word' id='word_1_61' title='bbox 525 865 677 907; x_wconf 56' lang='lat' dir='ltr'><strong><em>Par-asse,</em></strong></span> <span class='ocrx_word' id='word_1_62' title='bbox 711 869 811 907; x_wconf 81' lang='lat' dir='ltr'><strong>atque</strong></span> <span class='ocrx_word' id='word_1_63' title='bbox 842 875 883 899; x_wconf 82' lang='lat' dir='ltr'><strong>ea</strong></span> <span class='ocrx_word' id='word_1_64' title='bbox 918 875 953 899; x_wconf 85' lang='lat' dir='ltr'><strong><em>se</em></strong></span> <span class='ocrx_word' id='word_1_65' title='bbox 988 866 1106 899; x_wconf 84' lang='lat' dir='ltr'><strong>mercis</strong></span> <span class='ocrx_word' id='word_1_66' title='bbox 1141 869 1308 899; x_wconf 81' lang='lat' dir='ltr'><strong>vectatum</strong></span> 
     </span>
     <span class='ocr_line' id='line_1_14' title="bbox 1078 919 1220 961; baseline 0 -8"><span class='ocrx_word' id='word_1_67' title='bbox 1078 919 1220 961; x_wconf 87' lang='lat' dir='ltr'><strong>undique</strong></span> 
     </span>
     <span class='ocr_line' id='line_1_15' title="bbox 523 1027 1309 1069; baseline 0 -9"><span class='ocrx_word' id='word_1_68' title='bbox 523 1027 614 1060; x_wconf 82' lang='lat' dir='ltr'><strong>Adeo</strong></span> <span class='ocrx_word' id='word_1_69' title='bbox 638 1027 730 1068; x_wconf 86' lang='lat' dir='ltr'><strong>dum,</strong></span> <span class='ocrx_word' id='word_1_70' title='bbox 755 1036 839 1068; x_wconf 81' lang='lat' dir='ltr'><strong>quae</strong></span> <span class='ocrx_word' id='word_1_71' title='bbox 863 1029 931 1060; x_wconf 89' lang='lat' dir='ltr'><strong>tum</strong></span> <span class='ocrx_word' id='word_1_72' title='bbox 961 1027 1115 1069; x_wconf 80' lang='lat' dir='ltr'><strong>haberet,</strong></span> <span class='ocrx_word' id='word_1_73' title='bbox 1135 1027 1309 1068; x_wconf 70' lang='lat' dir='ltr'><strong>peperisset</strong></span> 
     </span>
     <span class='ocr_line' id='line_1_16' title="bbox 1123 1080 1218 1113; baseline 0 0"><span class='ocrx_word' id='word_1_74' title='bbox 1123 1080 1218 1113; x_wconf 84' lang='lat' dir='ltr'><strong>bona.</strong></span> 
     </span>
     <span class='ocr_line' id='line_1_17' title="bbox 243 1133 1309 1176; baseline 0 -9"><span class='ocrx_word' id='word_1_75' title='bbox 243 1134 297 1175; x_wconf 89' lang='lat' dir='ltr'><strong>qui</strong></span> <span class='ocrx_word' id='word_1_76' title='bbox 339 1133 403 1167; x_wconf 80' lang='lat' dir='ltr'><strong>loci</strong></span> <span class='ocrx_word' id='word_1_77' title='bbox 443 1135 588 1176; x_wconf 84' lang='lat' dir='ltr'><strong>pendent</strong></span> <span class='ocrx_word' id='word_1_78' title='bbox 629 1144 670 1167; x_wconf 84' lang='lat' dir='ltr'><strong>ex</strong></span> <span class='ocrx_word' id='word_1_79' title='bbox 708 1134 837 1168; x_wconf 85' lang='lat' dir='ltr'><strong>dicendi</strong></span> <span class='ocrx_word' id='word_1_80' title='bbox 871 1133 1131 1176; x_wconf 41' lang='lat' dir='ltr'><strong>significatione.</strong></span> <span class='ocrx_word' id='word_1_81' title='bbox 1153 1134 1309 1168; x_wconf 89' lang='lat' dir='ltr'><strong>infinitivi</strong></span> 
     </span>
     <span class='ocr_line' id='line_1_18' title="bbox 243 1188 1151 1230; baseline 0.001 -10"><span class='ocrx_word' id='word_1_82' title='bbox 243 1188 393 1221; x_wconf 84' lang='lat' dir='ltr'><strong>historici</strong></span> <span class='ocrx_word' id='word_1_83' title='bbox 418 1188 610 1229; x_wconf 79' lang='lat' dir='ltr'><strong>‚,negitare“</strong></span> <span class='ocrx_word' id='word_1_84' title='bbox 635 1198 665 1222; x_wconf 91' lang='lat' dir='ltr'><strong>v.</strong></span> <span class='ocrx_word' id='word_1_85' title='bbox 690 1189 734 1221; x_wconf 80' lang='lat'><strong>55</strong></span> <span class='ocrx_word' id='word_1_86' title='bbox 757 1198 815 1230; x_wconf 86' lang='lat' dir='ltr'><strong>pro</strong></span> <span class='ocrx_word' id='word_1_87' title='bbox 841 1188 1020 1230; x_wconf 78' lang='lat' dir='ltr'><strong>imperfecto</strong></span> <span class='ocrx_word' id='word_1_88' title='bbox 1042 1188 1151 1229; x_wconf 82' lang='lat' dir='ltr'><strong>positi.</strong></span> 
     </span>
    </p>
   </div>
   <div class='ocr_carea' id='block_1_3' title="bbox 245 2037 1307 2159">
    <p class='ocr_par' dir='ltr' id='par_1_4' title="bbox 245 2037 1307 2159">
     <span class='ocr_line' id='line_1_19' title="bbox 245 2037 1004 2071; baseline -0.003 -6"><span class='ocrx_word' id='word_1_89' title='bbox 245 2038 287 2065; x_wconf 82' lang='lat' dir='ltr'><strong>Ad</strong></span> <span class='ocrx_word' id='word_1_90' title='bbox 307 2038 322 2071; x_wconf 65' lang='grc' dir='ltr'><strong>ἕ</strong></span> <span class='ocrx_word' id='word_1_91' title='bbox 343 2038 366 2067; x_wconf 81' lang='lat'><strong>1.</strong></span> <span class='ocrx_word' id='word_1_92' title='bbox 384 2039 401 2063; x_wconf 83' lang='grc'><strong>3</strong></span> <span class='ocrx_word' id='word_1_93' title='bbox 420 2038 561 2065; x_wconf 77' lang='lat' dir='ltr'><strong>addendus</strong></span> <span class='ocrx_word' id='word_1_94' title='bbox 580 2039 623 2064; x_wconf 74' lang='lat' dir='ltr'><strong>ost</strong></span> <span class='ocrx_word' id='word_1_95' title='bbox 641 2046 735 2065; x_wconf 78' lang='lat' dir='ltr'><strong><em>versus</em></strong></span> <span class='ocrx_word' id='word_1_96' title='bbox 755 2038 815 2066; x_wconf 78' lang='lat' dir='ltr'><strong>Ter.</strong></span> <span class='ocrx_word' id='word_1_97' title='bbox 834 2038 919 2065; x_wconf 84' lang='lat' dir='ltr'><strong>Andr.</strong></span> <span class='ocrx_word' id='word_1_98' title='bbox 938 2037 1004 2064; x_wconf 84' lang='lat'>258:</span> 
     </span>
     <span class='ocr_line' id='line_1_20' title="bbox 370 2082 1307 2117; baseline -0.002 -8"><span class='ocrx_word' id='word_1_99' title='bbox 370 2082 446 2115; x_wconf 80' lang='lat' dir='ltr'><strong>Quod</strong></span> <span class='ocrx_word' id='word_1_100' title='bbox 461 2084 485 2110; x_wconf 77' lang='lat' dir='ltr'><strong>si</strong></span> <span class='ocrx_word' id='word_1_101' title='bbox 500 2092 550 2117; x_wconf 82' lang='lat' dir='ltr'><strong>ego</strong></span> <span class='ocrx_word' id='word_1_102' title='bbox 563 2082 708 2110; x_wconf 77' lang='lat' dir='ltr'><strong><em>rescissem</em></strong></span> <span class='ocrx_word' id='word_1_103' title='bbox 726 2083 755 2109; x_wconf 87' lang='lat' dir='ltr'><strong>id</strong></span> <span class='ocrx_word' id='word_1_104' title='bbox 774 2083 859 2116; x_wconf 83' lang='lat' dir='ltr'><strong>prius,</strong></span> <span class='ocrx_word' id='word_1_105' title='bbox 878 2082 944 2117; x_wconf 87' lang='lat' dir='ltr'><strong>quid</strong></span> <span class='ocrx_word' id='word_1_106' title='bbox 964 2083 1091 2112; x_wconf 73' lang='lat' dir='ltr'><strong>facerem.</strong></span> <span class='ocrx_word' id='word_1_107' title='bbox 1112 2082 1135 2109; x_wconf 77' lang='lat' dir='ltr'><strong>si</strong></span> <span class='ocrx_word' id='word_1_108' title='bbox 1155 2082 1216 2116; x_wconf 80' lang='lat' dir='ltr'><strong>quis</strong></span> <span class='ocrx_word' id='word_1_109' title='bbox 1236 2089 1307 2108; x_wconf 79' lang='lat' dir='ltr'><strong>nunc</strong></span> 
     </span>
     <span class='ocr_line' id='line_1_21' title="bbox 1088 2127 1237 2159; baseline -0.007 -6"><span class='ocrx_word' id='word_1_110' title='bbox 1088 2135 1131 2153; x_wconf 81' lang='lat' dir='ltr'><strong>me</strong></span> <span class='ocrx_word' id='word_1_111' title='bbox 1150 2127 1237 2159; x_wconf 81' lang='lat' dir='ltr'><strong>roget.</strong></span> 
     </span>
    </p>
   </div>
  </div>
 </body>
</html>
