1588 2463
686 25 823 125 ass,
844 99 993 129 „,-‚02‘5·⁸(

697 129 715 153 x
1027 147 1030 150 ,

733 170 841 208 “37--.·
870 178 872 185 *
903 164 1015 207 τιν’

363 273 464 307 Stich.
489 274 554 307 253
579 283 664 314 sqq:
698 273 824 306 Gelas..·
847 273 933 316 Quid
956 273 1058 316 igitur
1080 282 1131 306 me
1154 272 1250 307 volt?

784 325 893 360 Oroa:
916 326 1032 360 Tritici
1055 326 1182 360 modios
1204 327 1315 360 decem

446 368 578 422 Rogare
591 380 716 421 opinor.
746 380 871 413 Gelas:
886 381 993 421 Mene,
1005 383 1044 414 ut
1052 381 1094 413 ab
1105 389 1177 413 sese
1181 381 1317 421 petam?

365 434 472 467 Oroas
494 434 596 467 Immo
619 435 657 466 ut
680 435 716 466 tu
740 443 761 466 a
784 433 879 467 vobis
902 436 1048 467 mutuom
1070 433 1167 467 nobis
1189 434 1292 467 dares.

339 497 524 531 Enuntiata
541 499 600 540 „ut
611 524 618 531 .
631 524 637 531 .
648 499 779 539 petam“
797 500 832 530 et
849 499 908 539 „ut
919 523 926 530 .
939 522 945 530 .
960 497 1078 530 dares“
1096 506 1136 530 ex
1150 496 1317 530 sententia

251 553 361 584 mente
384 551 534 585 addenda
558 560 697 593 „rogare
724 550 816 584 volt“
848 559 1009 591 suspensa
1032 552 1119 583 sunt.
1167 549 1315 591 „Dares“

252 614 447 646 quamquam
471 614 583 638 omnes
598 604 675 638 libri
698 614 770 638 cum
794 603 1011 638 Ambrosiano
1035 604 1121 637 hanc
1142 603 1316 637 lectionem

253 660 406 701 tradunt,
437 668 495 700 pro
529 657 752 700 praesentium
781 657 896 691 formis
927 657 1042 700 „duis“
1074 657 1145 691 sive
1177 657 1315 699 „dates“

251 712 423 753 irrepsisse
445 711 596 753 Bothius,
619 711 832 753 Ritschelius,
856 711 1103 753 Fleckeisenus,
1135 711 1318 753 Seyffertus

251 765 408 807 suspicati
433 767 519 799 sunt.
566 765 631 799 Sed
654 767 783 798 tantum
807 765 902 798 abest
925 767 963 798 ut
985 765 1070 798 hanc
1100 764 1317 807 suspicionem

250 820 392 861 probem,
416 822 455 853 ut
477 818 546 852 illis
577 818 776 852 coniecturis
806 818 1020 852 ludibriosum
1050 818 1144 860 quasi
1176 818 1317 851 colorem

249 872 414 915 detergeri
436 872 629 906 existimem.
661 872 746 905 Nam
769 871 892 905 ancilla
907 871 1091 914 imperfecti
1108 870 1316 906 coniunctivo

250 926 435 969 significare
455 926 534 959 mihi
557 926 699 967 videtur,
724 925 936 967 Gelasimum,
961 926 1061 959 istum
1083 926 1318 968 pauperculum

249 980 441 1022 parasitum,
466 989 537 1013 cum
559 979 631 1021 ipse
653 979 736 1013 nihil
758 979 890 1021 habeat,
915 989 977 1021 quo
1008 979 1129 1013 famem
1159 979 1315 1021 depellat,

249 1033 326 1066 illos
340 1033 444 1067 tritici
460 1033 585 1067 modios
601 1043 777 1075 numquam
790 1034 944 1067 daturum
961 1042 1044 1067 esse.
1062 1033 1236 1067 Sententia
1254 1032 1315 1075 igi-

250 1091 305 1121 tur
327 1087 475 1129 perfecta
493 1087 575 1121 haec
593 1091 662 1122 est:
692 1088 814 1129 „Immo
834 1097 953 1129 rogare
973 1087 1060 1130 volt,
1082 1090 1120 1120 ut
1142 1090 1201 1131 tua
1220 1086 1316 1120 vobis

249 1144 395 1175 mutuom
424 1141 520 1175 nobis
547 1142 645 1175 dares
678 1142 708 1175 si
742 1142 820 1183 quid
852 1142 1016 1175 haberes!“
1074 1142 1192 1183 Itaque
1226 1144 1316 1175 recte

249 1194 423 1229 Goetzium
445 1194 480 1228 in
509 1195 689 1229 novissima
717 1204 778 1228 sua
806 1195 1055 1229 Ritschelianae
1086 1195 1241 1229 editionis
1264 1204 1315 1228 re-

249 1248 437 1291 cognitione
475 1249 518 1282 ad
556 1248 702 1283 codicum
748 1248 943 1290 scripturam
981 1248 1120 1283 rediisse
1161 1249 1314 1282 arbitror.

248 1302 314 1336 Cfr.
341 1302 361 1344 ξ
386 1303 415 1343 1,
440 1303 470 1335 3.

294 1365 368 1398 Ter.
385 1365 486 1398 Andr.
504 1366 569 1398 307
587 1374 651 1406 sq.:
676 1365 809 1407 Quanto
827 1365 950 1399 satiust
972 1368 1006 1399 te
1029 1365 1064 1399 id
1086 1366 1165 1399 dare
1182 1374 1314 1406 operam

709 1419 765 1460 qui
788 1419 888 1453 istum
913 1429 1073 1453 amorem.
1087 1428 1271 1461 ‚amoveaS,

455 1473 560 1515 Quam
584 1472 617 1507 id.
640 1473 740 1515 loqui,
771 1483 834 1514 quo
863 1473 969 1515 magis
991 1472 1091 1506 libido
1115 1473 1240 1506 frustra
1263 1473 1314 1506 in-

973 1527 1133 1560 cendatur
1155 1529 1224 1560 tua.

359 1587 443 1622 Eun.
471 1590 572 1623 101οε
597 1589 670 1623 Non
694 1598 826 1631 possum
850 1589 934 1622 satis
948 1599 1095 1632 narrare,
1118 1599 1201 1633 quos
1216 1589 1313 1623 ludos

910 1643 1102 1684 praebueris
1124 1643 1224 1677 intus.

336 1724 368 1765 β.
400 1723 589 1758 Infinitivus
612 1724 798 1766 praesentis
820 1723 1030 1766 coniungitur
1053 1734 1124 1758 cum
1152 1723 1312 1758 futuro.

290 1785 340 1819 Pl.
365 1786 480 1828 Amph.
507 1787 609 1820 1015:
640 1786 735 1820 Nunc
764 1787 893 1820 domum
922 1786 976 1820 ibo
1008 1789 1165 1829 atque...
1179 1795 1314 1829 pergam

1042 1840 1222 1884 exquirere,

504 1893 587 1936 Quis
609 1893 711 1928 fuerit
733 1903 828 1937 quem
852 1896 1052 1936 propter...

292 1956 365 1989 Ter.
391 1956 492 1990 Andr.
519 1957 582 1990 196
607 1966 670 1999 sq.:
696 1956 732 1991 Si
756 1965 889 1991 sensero
905 1957 1002 1992 hodie
1018 1957 1192 2001 quicquam
1207 1957 1242 1991 in
1258 1957 1311 1992 his

1038 2014 1073 2045 te
1095 2011 1220 2054 nuptiis

504 2064 676 2099 Fallaciae
699 2065 821 2107 conari,
846 2075 909 2108 quo
932 2065 1016 2099 flant
1037 2065 1145 2099 minus
1146 2092 1227 2108 .....
